1818 2973
1167 4 1170 6 ⁷
1422 4 1431 8 ”
1508 0 1510 2 ’
1531 0 1539 3 “
1557 0 1559 2 “
1575 5 1578 11 ·
1597 0 1818 48 ἠ”ξξῖἶἮ

395 43 432 51 ε·-
743 41 762 50 γ.)
1221 39 1270 47 ιιι-7
1451 47 1460 50 -
1502 52 1507 54 1
1578 36 1606 51 A
1695 40 1698 42 v
1724 35 1726 38 v
1752 32 1775 64 ζ’
1793 46 1818 60 -1

1811 67 1818 82 ‘1

227 98 273 137 62
817 110 856 138 n.
882 111 963 141 icet
987 109 1119 138 muri

333 196 443 241 Quas
471 191 522 234 de
550 194 713 233 ratione
740 191 976 241 debibuisti‚
1005 191 1213 240 redditam
1593 195 1701 235 426a

335 269 423 315 Qua
451 266 667 317 sponsione
695 265 908 316 pronuper·
936 268 1027 306 tute
1054 264 1231 307 exactus
1258 268 1321 306 es!
1537 296 1570 320 25
1597 270 1701 308 4262)

229 343 301 381 LE.
329 343 488 393 Nempe
530 340 633 392 ques
673 340 893 392 spopondi?
979 343 1047 381 S‘r.
1075 339 1205 381 Immo
1235 344 1362 391 ‘quas
1390 341 1593 392 dependi'
1626 343 1700 399 ‚in-

1572 412 1700 462 quito,

335 486 418 523 Pro
446 484 516 522 illo
543 482 825 530 {adulescente
855 479 978 533 quem
1008 486 1053 522 tu
1082 494 1173 523 esse
1201 483 1315 523 aibas
1344 478 1531 524 diuitem.

229 559 304 598 LE.
331 560 520 599 Factum.
576 560 644 598 ST.
674 542 728 598 Vt
756 559 923 608 quidem
952 559 1054 598 illud
1083 555 1288 609 perierit?
1355 560 1428 598 LE.
1456 560 1631 598 Factum
1659 553 1701 598 id

1478 633 1702 680 quoquest:

334 706 438 743 Nam
461 701 572 744 minc
592 716 688 744 eum
710 705 794 744 uidi
816 701 1015 745 miserum
1036 708 1078 745 et
1098 716 1163 745 me
1183 705 1273 745 eius
1293 700 1580 745 miseritumst.
1625 707 1702 745 430

231 847 346 881 cando
371 846 410 880 di
434 847 540 891 segni
565 847 862 891 corrispondenti
887 847 979 882 all'u
998 858 1017 881 e
1037 848 1073 881 al
1090 849 1109 882 ζ
1132 859 1255 891 greco,
1269 848 1451 890 tradusse,
1475 847 1549 883 fino
1575 847 1704 883 all'ete.

162 941 178 947 ,,
230 904 268 939 di
294 904 481 946 Cicerone,
511 905 540 939 il
570 905 691 949 primo
725 917 793 941 con
826 918 880 940 -u-
914 916 933 940 e
964 905 992 939 il
1025 906 1183 940 secondo
1209 917 1277 941 con
1302 918 1344 940 -s-
1370 917 1391 941 o
1416 917 1508 950 pure
1534 918 1602 942 con
1626 919 1702 948 —ss-‚

229 963 387 997 secondo
414 963 480 998 che
506 974 570 997 era
594 963 744 998 iniziale
771 974 791 997 o
817 975 887 1007 pur
912 963 1084 998 mediano
1111 965 1170 998 tra
1197 964 1316 998 vocali
1340 964 1418 1004 (cfr.
1436 976 1524 998 sona
1540 965 1652 999 Mero.
1669 965 1702 1005 5,

229 1021 262 1061 2,
288 1021 344 1062 82,
370 1024 600 1055 semisonarii
632 1021 715 1055 Aul.
746 1021 778 1062 3,
813 1023 845 1063 5,
875 1021 931 1063 42,
958 1022 1052 1056 dove
1077 1021 1122 1055 l’s
1147 1032 1213 1065 per
1237 1023 1255 1055 ζ
1279 1023 1299 1056 e
1325 1022 1411 1057 dato
1437 1022 1703 1057 direttamente

229 1078 291 1113 dai
318 1079 459 1118 codici).
487 1079 676 1115 Prisciano
706 1080 736 1120 1,
762 1080 828 1114 49:
858 1078 870 1091 '¹
887 1092 910 1122 y
936 1090 955 1113 e
980 1092 1000 1113 z
1025 1079 1064 1113 in
1088 1080 1232 1124 graecis
1250 1081 1398 1114 tantum
1416 1082 1606 1124 ponuntur
1629 1080 1706 1114 dic-

229 1133 406 1176 tionibus,
432 1146 659 1178 quamquam
693 1135 732 1169 in
767 1135 896 1169 multis
930 1136 1075 1170 veteres
1109 1135 1201 1170 haec
1229 1146 1376 1179 quoque
1411 1137 1574 1170 mutasse
1602 1135 1705 1170 inve-

229 1191 384 1227 niantur
407 1194 445 1227 et
469 1204 535 1236 pro
555 1203 576 1224 υ
596 1205 628 1234 u,
648 1204 714 1236 pro
733 1194 750 1226 Ζ
767 1204 865 1235 vero,
891 1194 990 1237 quod
1015 1205 1081 1236 pro
1107 1195 1149 1227 sd
1174 1193 1380 1228 coniunctis
1399 1193 1591 1238 accipitur,
1609 1205 1627 1227 s
1644 1193 1704 1228 vel

229 1262 265 1284 ss
290 1250 456 1294 posuisse
474 1277 503 1293 ,μ
529 1268 574 1273 -
646 1250 741 1285 426.
769 1252 958 1285 dehibuisti
982 1262 1049 1295 per
1073 1253 1224 1285 debuisti
1247 1262 1321 1286 non
1338 1252 1364 1286 s'
1374 1252 1544 1286 incontra
1561 1251 1704 1286 altrove

229 1308 269 1342 in
285 1308 435 1351 Plauto;
463 1320 524 1342 ma
541 1311 560 1343 e
580 1320 601 1343 a
619 1309 829 1343 sufficienza
841 1309 1068 1353 giustificato
1084 1312 1189 1344 tanto
1216 1309 1316 1344 dalla
1340 1309 1482 1344 lezione
1501 1310 1567 1344 che
1581 1309 1704 1344 denno

230 1378 296 1410 per
320 1369 451 1410 questo
472 1367 583 1410 luogo
616 1367 644 1401 il
679 1367 923 1411 palimpsesto
949 1379 968 1402 e
1003 1368 1031 1402 il
1069 1368 1207 1402 codex
1241 1369 1395 1408 vetus,
1431 1370 1570 1411 quanto
1603 1367 1705 1402 dalla

230 1425 349 1459 forma
371 1427 589 1468 praehibet-e,
617 1426 684 1460 che
711 1437 729 1460 e
756 1425 1067 1460 esclusivamente
1085 1426 1289 1469 adoperata
1314 1426 1361 1459 da
1386 1425 1519 1460 Plauto
1538 1425 1576 1459 in
1593 1425 1704 1469 luogo

231 1483 268 1516 di
291 1484 472 1526 praebere.
502 1503 538 1507 —
570 1486 729 1518 redditae
754 1486 772 1518 ὲ
801 1495 919 1519 messo
946 1484 1215 1519 mentalmente
1241 1484 1280 1518 in
1298 1483 1482 1518 relazione
1513 1495 1580 1518 con
1611 1485 1706 1517 mille

230 1542 467 1575 drachumae:
493 1541 639 1576 l'ellissi
664 1542 703 1576 di
727 1548 810 1575 sient
835 1544 854 1577 e
880 1542 945 1585 qui
970 1542 1152 1577 collocata
1189 1542 1286 1576 assai
1323 1542 1417 1576 bene
1455 1553 1477 1576 a
1514 1542 1704 1585 proposito

230 1599 269 1633 in
293 1599 408 1634 bocca
433 1599 471 1633 di
496 1599 667 1642 Stasimo‚
693 1600 721 1634 il
747 1601 857 1644 quale
880 1600 977 1644 finge
995 1612 1063 1635 con
1079 1602 1181 1635 tutta
1197 1600 1346 1643 gravit&
1363 1600 1400 1633 di
1417 1600 1531 1634 tirare
1550 1599 1577 1633 il
1594 1602 1704 1634 conto

229 1657 327 1692 delle
353 1657 498 1692 diverse
524 1658 663 1701 partite
690 1669 708 1692 e
735 1659 793 1693 dei
820 1659 957 1693 diversi
982 1658 1049 1700 usi,
1076 1659 1142 1693 che
1171 1657 1370 1692 Lesbonico
1397 1668 1514 1692 aveva
1530 1657 1625 1692 fatto
1644 1657 1705 1691 del

230 1727 295 1750 suo
321 1716 471 1750 danaro.
497 1736 542 1740 —
568 1718 609 1750 de
634 1719 772 1751 ratione
801 1715 814 1728 ⁴⁶
831 1717 870 1750 in
896 1717 1201 1760 corrispondenza
1226 1716 1286 1751 del
1312 1717 1420 1750 conto
1439 1743 1452 1757 „
1481 1715 1549 1749 che
1574 1714 1650 1758 egli
1674 1714 1705 1748 ti

230 1776 337 1817 porto
364 1774 462 1809 delle
489 1774 717 1809 ordinazioni
745 1774 782 1808 di
808 1776 1032 1818 pagamento
1059 1775 1125 1809 che
1151 1777 1192 1808 tu
1218 1774 1272 1817 gli
1298 1773 1404 1808 avevi
1430 1773 1536 1808 fatte.
1565 1792 1610 1797 —
1635 1777 1707 1806 tute

231 1837 374 1865 exactus
411 1844 446 1866 es
470 1847 514 1859 =
540 1844 561 1866 a
599 1838 628 1866 te
665 1835 776 1876 exegit
813 1835 980 1867 creditor.
1019 1850 1063 1854 -
1160 1831 1255 1866 427.
1294 1836 1426 1874 nempe,
1464 1831 1528 1865 cfr.
1565 1830 1705 1865 Introd.

231 1889 335 1934 Capt.
362 1889 560 1924 XXXVIII.
590 1911 627 1915 —
657 1903 755 1935 quas,
782 1893 868 1926 sott.
896 1892 992 1925 mille
1017 1892 1243 1925 (Irae-humus.
1276 1910 1319 1914 —
1345 1891 1519 1933 spopondi
1547 1886 1561 1901 ⁴
1578 1888 1617 1923 di
1645 1888 1706 1923 cui

228 1947 394 1991 garantii
418 1948 445 1982 il
471 1952 697 1992 pagamento
716 1976 743 1992 „.
776 1967 819 1971 —
851 1951 1001 1993 dependi
1028 1947 1041 1961 ⁸
1059 1948 1130 1983 feci
1165 1949 1193 1982 il
1221 1949 1446 1992 pagamento
1465 1975 1478 1989 ‚,
1508 1946 1556 1981 da.
1580 1949 1618 1981 te
1642 1957 1704 1990 ga-

230 2002 381 2044 rantito,
408 2004 471 2037 cfr.
499 2004 570 2038 Cic.
598 2005 698 2038 Fam.
728 2006 757 2046 1,
784 2005 816 2046 9,
843 2005 864 2038 9
890 2005 1151 2047 dependendum
1177 2004 1242 2037 tibi
1265 2007 1314 2036 est
1339 2004 1430 2046 quod
1454 2003 1626 2045 mihipro
1642 2003 1706 2036 illo

230 2063 461 2104 spopondisti.
500 2061 726 2096 Veramente
764 2062 896 2097 Plauto
932 2062 1094 2105 adopera
1131 2061 1274 2095 altrove
1301 2060 1507 2095 solamente
1527 2062 1705 2103 pendere3

230 2130 292 2152 ma
317 2119 381 2162 qui
407 2119 444 2153 la
469 2120 600 2163 parola
626 2122 644 2155 e
670 2120 819 2154 coniata
850 2120 1118 2154 comicamente
1157 2119 1204 2153 da
1241 2118 1412 2159 Stasimo,
1447 2117 1707 2161 sull'analogia

231 2177 269 2211 di
294 2178 565 2212 decharmidare
590 2178 629 2212 in
655 2178 755 2212 Trin.
782 2179 871 2218 977;
897 2190 1046 2222 parcere
1071 2188 1091 2212 e
1117 2189 1298 2220 repere-ere
1323 2177 1428 2211 Truc.
1459 2176 1492 2217 2,
1520 2177 1553 2216 4,
1579 2175 1634 2210 24.
1661 2192 1705 2198 —

232 2234 327 2270 429.
353 2237 499 2278 factum,
526 2238 684 2277 ecthesi,
717 2235 729 2248 “
748 2239 766 2271 e
794 2247 891 2278 vero,
918 2238 975 2271 sta
1001 2237 1095 2270 bene
1114 2246 1148 2278 „;
1183 2235 1245 2270 cfr.
1273 2235 1354 2269 Ter.
1380 2234 1472 2269 Eun.
1497 2235 1530 2276 4,
1555 2235 1589 2276 4,
1613 2233 1660 2267 40
1685 2244 1705 2267 e

231 2293 319 2327 Hec.
347 2294 377 2335 3,
404 2294 437 2334 2,
464 2295 507 2328 22
533 2296 584 2328 ita
609 2296 787 2337 factumst.
816 2312 857 2316 —
886 2300 922 2328 ut
947 2296 1085 2338 quidem
1115 2293 1127 2306 “
1145 2294 1224 2328 cioe
1250 2293 1345 2335 che„
1375 2303 1446 2327 ecc.
1473 2291 1634 2336 dipende
1659 2291 1708 2326 da

229 2352 374 2393 factum.
406 2369 442 2374 —
465 2355 620 2396 perierit
634 2366 676 2378 =
690 2355 927 2396 disperditum
944 2355 1001 2386 sit.
1020 2352 1179 2386 Stasimo
1197 2352 1246 2386 ha
1269 2351 1451 2385 interesse
1469 2350 1507 2384 di
1525 2351 1706 2385 mostra-re

232 2409 298 2444 che
324 2410 526 2445 Lesbonico
553 2423 626 2445 non
652 2422 769 2446 aveva
794 2414 929 2455 troppa
955 2422 1043 2445 cura
1068 2411 1128 2445 del
1153 2410 1302 2451 danai-0,
1321 2420 1388 2453 per
1411 2409 1468 2443 far
1494 2410 1569 2444 cosi
1594 2419 1706 2452 appa—

230 2467 304 2502 rire
330 2468 367 2502 la
393 2480 457 2503 sua
483 2470 591 2513 colpa
609 2470 707 2504 assai
724 2470 788 2513 pii]
808 2469 1066 2514 perdonabile;
1094 2480 1113 2504 e
1139 2479 1206 2512 per
1231 2471 1361 2512 questo
1379 2467 1509 2502 insiste
1529 2467 1591 2502 nel
1609 2466 1708 2501 chie-

230 2525 317 2560 dere
343 2526 379 2561 al
404 2527 568 2570 padrone
595 2527 795 2572 l'esplicita
821 2527 1051 2562 confessione
1090 2527 1190 2562 della.
1226 2526 1379 2571 propria
1415 2525 1636 2569 negligenza
1661 2524 1707 2559 ed

230 2584 388 2620 incuria.
415 2605 460 2610 —-
581 2585 676 2620 430.
712 2598 805 2621 nunc
830 2598 904 2621 non
930 2587 949 2621 e
974 2586 1014 2620 in
1040 2585 1224 2621 relazione
1250 2596 1319 2620 con
1345 2586 1428 2626 vidi,
1456 2595 1516 2618 ma
1541 2585 1561 2619 e
1587 2593 1707 2618 messo
