1818 2973
588 115 804 141 ‘rvamuvs
828 115 868 146 11,
889 104 922 145 3,
945 103 1080 138 39-56
1531 102 1578 137 65

209 201 368 241 Verum
395 195 477 238 hoc
504 197 613 248 quod
641 197 740 243 dixi,
771 192 889 236 meus
917 205 983 235 me
1012 193 1150 234 orauit
1177 187 1302 240 filius,

209 277 263 315 Vt
289 273 407 315 tuam
435 284 624 313 sororem
653 271 867 322 poscerem
887 268 1065 310 uxorem
1086 268 1176 308 sibi.
1497 270 1577 308 450

105 353 176 392 LE.
205 345 396 390 Meari'lm
425 360 491 389 me
518 359 664 389 rerum
693 344 859 387 nouisse
886 346 1104 396 aequomst
1131 342 1337 384 ordinem.
1516 373 1548 395 50

209 427 313 464 Cum
341 422 485 464 nostra
513 425 656 463 nostra
683 420 766 462 non
794 424 857 462 est
885 431 1020 471 aequa
1049 417 1193 459 factio:

211 494 482 540 Adfinitatem
510 497 627 538 uobis
655 498 781 537 aliam
811 493 1015 547 quaerite.

106 576 174 614 ST.
203 569 319 614 Satin
348 577 393 613 tu
421 575 561 613 sanu's
590 569 740 611 mentis
768 574 842 610 aut
869 564 998 609 animi
1026 569 1100 617 tui,

211 649 287 696 Qui
316 646 602 688 condicionem
630 646 741 686 hanc
770 645 996 696 repudies?
1024 656 1122 684 nam
1152 641 1270 683 illum
1299 643 1373 683 tibi
1498 644 1577 682 455

210 721 504 763 Ferentarium
533 733 623 763 esse
652 717 832 762 amicum
862 722 1082 760 inuentum
1110 716 1320 770 intellego.
1518 747 1551 770 55

106 800 179 839 LE,
208 799 312 838 Abin
341 793 441 838 hinc
470 797 686 838 dierecte2
742 798 809 837 ST.
838 796 878 836 Si
908 793 1054 836 hercle
1095 794 1159 835 ire
1200 791 1416 844 occipiam,
1448 795 1578 833 uotes.

106 978 166 1010 eqo
182 971 213 1000 te
230 967 385 1000 derisum
412 967 490 999 veni
515 977 621 1009 neque
646 967 787 999 derideo
804 976 911 1009 neque
938 965 1085 1007 dignum
1109 964 1281 997 arbitror.
1302 982 1343 987 -
1395 959 1491 995 449.
1517 961 1580 995 hoc

106 1026 197 1069 quod
221 1026 300 1058 dixi
328 1021 341 1036 '‘
359 1034 463 1058 come
489 1024 535 1058 ho
560 1023 624 1067 gia
648 1024 752 1058 detto
771 1049 799 1065 „.
823 1040 868 1044 —
964 1021 1051 1055 451.
1076 1023 1237 1056 ordinem
1266 1017 1279 1032 ⁸
1297 1020 1334 1054 la
1351 1018 1579 1060 condizione,

106 1082 135 1116 il
158 1081 274 1125 grado
289 1109 302 1124 „
332 1081 399 1116 che
423 1081 460 1115 io
487 1092 624 1125 occupo
649 1081 689 1115 in
715 1080 865 1122 sociata,
892 1079 932 1114 in
957 1079 1267 1123 corrispondenza
1291 1077 1392 1112 della
1416 1077 1493 1112 mia
1508 1077 1578 1112 sor-

105 1139 208 1172 tuna.
234 1156 278 1162 —
403 1135 499 1170 452.
525 1137 635 1179 factio
661 1137 679 1170 0
706 1136 770 1180 qui
797 1135 1000 1179 adoperato
1026 1146 1099 1170 non
1124 1134 1188 1178 gia
1213 1133 1252 1168 111
1278 1144 1384 1168 senso
1410 1132 1578 1176 politico,

104 1205 166 1229 ma
189 1193 337 1234 sociale,
364 1205 383 1228 e
409 1205 514 1228 serve
540 1205 562 1228 a
586 1193 753 1228 indicare
774 1194 812 1228 la
838 1193 967 1234 classe,
993 1192 1030 1227 13
1056 1192 1248 1235 categoria
1285 1191 1322 1225 di
1356 1201 1512 1234 persone
1539 1190 1579 1224 in

104 1252 327 1296 compagnia
344 1252 381 1286 di
399 1251 457 1287 cui
475 1263 548 1286 uno
568 1251 661 1293 vive,
680 1251 709 1286 il
726 1251 804 1287 loro
823 1252 922 1287 stato
941 1261 961 1286 o
979 1250 1167 1294 posizione
1185 1249 1334 1292 sociale,
1355 1249 1418 1283 cfr.
1438 1248 1526 1283 cist.
1544 1248 1578 1289 2,

108 1310 137 1351 1,
167 1311 207 1344 17
233 1321 341 1353 neque
365 1322 430 1344 nos
452 1311 606 1352 factione
632 1315 732 1343 tanta
757 1314 892 1353 quanta
911 1314 947 1343 tu
973 1320 1095 1343 sumus
1120 1316 1226 1352 neque
1248 1318 1329 1351 opes
1346 1312 1489 1341 nostrae
1506 1312 1578 1340 tam

105 1373 188 1401 sunt
211 1369 350 1402 validae
381 1379 486 1411 quam
520 1373 621 1409 tuae;
648 1367 731 1402 Aul.
757 1367 789 1409 2,
816 1367 847 1408 2,
875 1367 920 1401 50
944 1368 1117 1410 factiosus
1141 1367 1242 1400 homo
1271 1362 1284 1377 “
1301 1376 1411 1400 uomo
1437 1364 1504 1400 che
1529 1365 1579 1399 ha

107 1426 222 1460 molte
260 1426 492 1469 aderenze„;
530 1425 660 1466 Nonio,
688 1437 722 1470 p.
750 1425 819 1460 304
851 1427 962 1467 factio
997 1426 1175 1468 siynisicat
1208 1425 1436 1468 opulentiam,
1470 1424 1578 1457 abun-

105 1484 267 1517 dantiam
291 1488 323 1518 et
346 1484 572 1518 nobilitatem.
598 1483 752 1518 Altrove
775 1485 885 1526 factio
904 1484 922 1517 e
942 1483 1143 1527 adoperato
1162 1482 1224 1517 nel
1242 1492 1348 1516 senso
1367 1480 1404 1515 di
1419 1481 1580 1523 faciendi

106 1542 218 1584 ratim
252 1541 316 1575 cfr.
344 1541 476 1576 Bacch.
507 1542 540 1584 4,
570 1541 602 1583 8,
633 1542 665 1582 2,
691 1541 774 1576 Aul.
803 1542 868 1576 167
895 1543 985 1575 istas
1011 1552 1159 1583 maynas
1183 1541 1366 1583 factiones,
1393 1550 1412 1574 e
1439 1550 1471 1572 v.
1497 1539 1579 1579 467,

104 1598 186 1633 491.
212 1615 254 1621 -
281 1610 358 1633 cum
384 1604 504 1633 vostra
533 1598 546 1611 “
566 1599 661 1634 collo
680 1601 777 1635 stato
796 1599 897 1634 della
914 1601 1040 1635 vostra
1056 1597 1229 1642 famiglia
1247 1624 1275 1640 „.
1294 1617 1338 1622 —
1387 1596 1483 1631 455.
1503 1608 1579 1630 con-

104 1658 275 1691 dicionem
304 1654 317 1669 ¹⁶
336 1659 513 1701 proposta
537 1657 575 1692 di
601 1657 840 1693 matrimonio
855 1685 884 1700 „,
910 1657 974 1692 cfr.
993 1669 1025 1691 ν.
1046 1657 1123 1691 159.
1142 1674 1187 1678 -
1211 1657 1324 1696 illum,
1350 1654 1516 1690 Lisitele.
1532 1671 1578 1677 —

107 1712 203 1748 456.
226 1715 419 1756 ferentarii
446 1712 460 1727 ⁸
477 1715 541 1759 qui
559 1716 759 1759 praecipue
776 1715 815 1750 in
842 1715 1013 1751 cornibus
1032 1715 1253 1749 locabantur
1269 1715 1307 1748 et
1324 1725 1346 1748 a
1363 1713 1497 1757 quibus
1515 1723 1579 1756 pu-

105 1771 244 1814 gnandi
270 1773 485 1807 sumebatur
510 1774 725 1808 exordium:
752 1774 816 1808 sed
840 1774 880 1807 hi
899 1775 937 1808 et
962 1772 1187 1808 velocissimi
1213 1774 1251 1807 et
1276 1770 1579 1807 exercitatissimi

106 1829 328 1872 legebantur
345 1857 357 1871 „
387 1830 518 1873 Veget.
538 1831 569 1871 1,
588 1831 644 1866 20.
659 1831 837 1873 Varrone,
863 1831 887 1865 l.
905 1831 941 1871 1.‚
961 1832 992 1873 7,
1011 1832 1055 1865 57
1071 1841 1089 1865 e
1104 1829 1219 1865 Paolo
1233 1830 1348 1870 Diae„
1363 1841 1398 1873 p.
1412 1829 1469 1870 85,
1483 1828 1580 1863 deri-

105 1897 200 1922 vano
226 1887 264 1921 la
288 1888 419 1931 parola
444 1888 491 1922 da
513 1889 613 1930 ferre
636 1890 813 1923 auxilium
840 1900 860 1924 o
887 1901 1000 1930 arma,
1029 1899 1047 1923 e
1073 1888 1108 1923 le
1135 1888 1405 1923 attribuiscono
1426 1887 1454 1921 11
1471 1898 1578 1922 senso

105 1945 279 1988 generico
306 1945 343 1979 di
369 1946 500 1987 arnico,
527 1946 564 1980 di
591 1957 663 1981 uno
691 1947 862 1982 cioe.che
888 1947 997 1982 viene
1022 1947 1061 1981 in
1095 1946 1198 1981 aiuto
1225 1957 1244 1981 e
1270 1957 1437 1981 soccorre
1465 1945 1501 1980 ai
1525 1945 1578 1979 bi-

105 2002 212 2047 sogni
249 2003 336 2037 dell·
351 2003 482 2038 amico.
521 2003 668 2045 Quanto
710 2005 786 2039 alla
810 2005 985 2049 prosodia
1022 2004 1058 2039 di
1096 2006 1300 2047 seriniarii,
1338 2004 1401 2038 cfr.
1438 2003 1578 2038 introd.

105 2061 210 2104 Capt.
235 2061 417 2095 XXXVII.
442 2082 487 2087 —
583 2061 680 2097 457.
705 2065 853 2097 dierecte
877 2064 896 2097 0
922 2074 996 2097 una
1022 2062 1152 2107 parola
1178 2062 1244 2097 che
1271 2062 1298 2096 s'
1311 2062 1484 2096 incontra
1509 2060 1578 2095 sol-

103 2120 208 2153 tauto
233 2118 273 2153 in
298 2119 443 2160 Plauto,
470 2120 516 2154 ed
542 2121 561 2154 0
588 2120 635 2155 da
660 2120 714 2155 lui
740 2122 1039 2156 costantemente
1066 2122 1284 2164 computata
1309 2131 1413 2155 come
1440 2131 1490 2154 un
1514 2118 1579 2154 tri·

105 2176 250 2212 sillabo.
277 2175 368 2212 Essa
393 2179 412 2212 0
437 2178 599 2213 formata
633 2178 680 2213 da
711 2180 767 2213 dis
803 2179 849 2214 ed
879 2181 986 2222 eriqo,
1022 2190 1041 2214 e
1071 2190 1177 2213 serve
1204 2190 1225 2213 a
1250 2178 1416 2213 indicare
1442 2177 1470 2211 il
1495 2189 1578 2222 sup·

104 2234 216 2278 plizio
242 2235 309 2270 che
335 2236 362 2270 s'
375 2235 579 2279 infliggeva
596 2236 635 2270 in
651 2236 769 2271 Roma
787 2236 863 2280 agli
882 2236 1034 2277 schiavi,
1059 2236 1342 2272 inchiodandoli
1359 2235 1456 2270 sulla
1473 2246 1579 2271 croco

104 2293 199 2328 colle
224 2293 374 2342 111-30013,
398 2294 559 2335 distese3
592 2294 655 2329 cfr.
689 2294 766 2329 Mil.
796 2295 829 2335 2,
862 2295 895 2336 4,
929 2296 948 2329 7
983 2296 1154 2338 dispessis
1186 2295 1351 2327 manibus
1377 2294 1579 2336 patibulum

103 2362 207 2396 quom
228 2352 369 2386 habebis
394 2363 413 2386 e
439 2353 471 2393 5,
497 2352 540 2386 14
565 2354 764 2396 dispennite
787 2354 959 2387 hominem
978 2354 1159 2386 divorsum
1177 2357 1208 2386 et
1225 2353 1423 2386 distennite.
1442 2351 1581 2393 Questa.

104 2409 235 2453 pai-ola
259 2409 419 2444 divenne
444 2410 547 2445 d’uso
574 2412 649 2445 cosi
675 2422 843 2452 comune,
871 2411 936 2445 che
963 2410 1000 2444 la
1025 2410 1121 2445 frase
1147 2411 1296 2444 dierecte
1319 2411 1374 2444 ire
1398 2409 1507 2444 basto
1533 2409 1581 2444 da

105 2466 183 2501 sola
210 2478 232 2502 a
261 2467 472 2512 significare
509 2466 521 2480 “
540 2469 680 2503 andare
714 2469 776 2503 dal
805 2468 892 2503 boia
925 2479 992 2512 per
1023 2467 1114 2502 farsi
1146 2467 1347 2512 impiccare
1365 2494 1395 2511 „‚
1427 2467 1507 2502 cioe
1540 2469 1580 2501 in

106 2526 236 2559 malam
261 2537 399 2560 crucem
423 2527 489 2569 ire,
515 2526 578 2560 cfr.
606 2527 738 2561 Bacch.
757 2527 825 2561 579
851 2538 870 2561 e
897 2526 1008 2561 Poen.
1028 2526 1107 2560 347.
1129 2543 1165 2548 —
1187 2527 1311 2567 hercle,
1331 2525 1441 2569 peril
1460 2536 1579 2568 senso,

107 2582 327 2627 appartiene
354 2594 376 2617 a
400 2589 510 2625 votes3
539 2595 600 2618 ma
626 2586 645 2619 0
672 2596 791 2620 messo
817 2584 856 2619 111
882 2584 1168 2629 anticipazione‚
1193 2584 1328 2628 perche
1354 2585 1374 2619 e
1392 2595 1467 2618 una
1499 2594 1579 2628 par·

176 2658 213 2686 E.
231 2659 378 2692 coccum.
399 2661 508 2688 Plauti
531 2661 736 2689 Trinummue.
1492 2661 1511 2688 5
