1818 2973
455 110 672 137 'rnmvmivs
696 110 730 142 11,
756 97 1003 141 3‚191-200;
1029 108 1078 139 111,
1105 97 1134 138 1,
1154 96 1241 131 1-8
1555 96 1595 130 81

232 191 504 232 Lesbonicum
533 189 651 230 susim
679 199 866 229 sororem
895 185 1182 238 despondisse:
1211 197 1290 232 em,
1320 182 1402 224 1100
1431 185 1562 224 modo.

129 269 202 307 CA.
229 265 330 314 Quoi
359 267 517 306 homini
546 263 790 316 despondit?
845 265 912 303 ST.
941 256 1124 309 Lusiteli,
1154 260 1359 300 Philtonis
1387 255 1484 307 filio,

234 337 331 383 Sine
359 342 468 383 dote.
533 343 605 381 CA.
645 340 742 380 Sine
782 337 876 379 dote
918 339 987 377 ille
1028 338 1141 376 illam
1182 337 1224 376 in
1265 334 1403 376 tentas
1431 333 1600 374 diuitids

1351 411 1493 450 dabit?
1521 411 1599 449 605

236 491 327 532 Non
355 491 553 532 credibile
573 487 697 530 dices,
751 491 818 528 ST.
835 490 888 527 At
906 490 950 527 tu
976 487 983 539 Ι
1008 485 1152 537 edepol
1172 487 1313 526 nullus
1332 483 1528 526 creduas:
1557 513 1574 536 s

236 568 277 608 Si
306 565 385 607 hoc
412 577 494 607 non
515 565 664 611 credis,
685 561 761 615 ego
781 562 1039 603 credidero...
1121 564 1192 602 CA.
1222 556 1357 609 Quid?
1435 562 1502 599 ST.
1532 561 1598 599 Me

1252 636 1372 676 nihili
1402 632 1599 686 pendere.

131 720 203 758 CA.
231 714 363 764 Quem
392 716 547 754 dudum
578 714 685 754 istuc
713 710 786 753 adt
814 713 883 753 ubi
911 714 1124 752 actumst?
1179 714 1246 751 ST.
1273 695 1383 758 I'lico,
1405 710 1476 750 hic
1501 712 1600 750 ante

1429 783 1599 824 ostium:

236 864 473 912 Τέι1010οᾱ0,
504 865 640 915 inquit
669 862 978 904 Praenestinus.
1034 860 1287 902 CA.Tz'1nton
1309 861 1349 900 in
1371 872 1418 902 re
1440 858 1599 911 perdita

131 1018 197 1051 lem
219 1017 391 1059 filium=
407 1018 525 1050 nostri
548 1017 603 1050 eri
624 1016 759 1058 filium:
787 1014 850 1049 cfr.
876 1019 1001 1048 nostra
1037 1014 1138 1048 erilis
1175 1014 1368 1047 concubina
1404 1011 1482 1046 Mil.
1509 1011 1542 1052 2,
1567 1009 1600 1052 5,

129 1075 175 1110 48
202 1084 221 1108 0
246 1075 343 1117 apud
361 1078 555 1117 paternum
582 1084 681 1106 suom
706 1074 875 1116 hospitem
901 1072 978 1105 Mil.
998 1071 1030 1113 2,
1059 1072 1088 1112 1,
1115 1072 1171 1105 57.
1189 1088 1234 1093 -
1289 1069 1383 1104 603.
1403 1082 1464 1110 em,
1497 1078 1601 1103 come

129 1122 383 1174 interiezione,
407 1142 482 1165 non
518 1131 550 1164 si
587 1130 696 1171 elide,
729 1131 792 1165 cfr.
818 1142 853 1163 0.
881 1130 912 1163 3.
952 1129 1091 1170 Questa
1127 1128 1369 1163 interiezione
1394 1140 1467 1162 non
1505 1126 1602 1160 s'in-

130 1190 261 1224 contra
286 1191 501 1223 veramente
539 1188 600 1222 nei
639 1188 767 1228 codici,
794 1199 854 1222 ma
880 1189 899 1221 e
926 1189 1026 1221 stata
1060 1187 1298 1221 felicemente
1336 1186 1503 1220 ricavata
1539 1184 1602 1218 dal

129 1246 272 1281 Ritschl
297 1245 400 1280 dalla
424 1245 565 1281 lezione
596 1247 857 1289 despondissem
885 1245 951 1280 che
977 1246 1050 1279 essi
1074 1245 1212 1285 hanno,
1239 1255 1257 1279 e
1285 1244 1350 1278 che
1377 1243 1521 1284 risulta,
1548 1252 1601 1276 se-

129 1304 245 1339 condo
271 1304 359 1347 ogni
384 1304 623 1347 probabilita,
638 1304 685 1338 da
709 1305 937 1347 despondisse
961 1315 1022 1337 em.
1049 1323 1093 1326 —-
1119 1315 1181 1343 em,
1196 1304 1257 1336 hoc
1275 1304 1374 1336 modo
1392 1301 1510 1335 rivela
1527 1311 1601 1334 una

129 1364 232 1397 certa
256 1361 484 1406 impazienza
508 1362 555 1396 da
581 1363 686 1405 parte
713 1362 751 1396 di
777 1361 950 1402 Stasimo‚
976 1361 1013 1394 di
1040 1363 1209 1395 obtenere
1229 1361 1295 1394 che
1313 1359 1466 1394 Lisitele
1483 1358 1600 1403 pres-ti

130 1419 214 1454 fede
239 1419 312 1454 alle
337 1431 401 1454 sue
427 1419 566 1463 parole.
593 1439 637 1444 --
735 1418 831 1453 604.
856 1422 938 1462 quoi
962 1421 980 1454 e
1007 1419 1114 1463 quasi
1140 1430 1286 1462 sempre
1312 1420 1528 1462 computato
1554 1417 1602 1451 da

130 1477 262 1512 Plauto
289 1489 392 1512 come
417 1477 603 1519 bisillabo,
628 1477 894 1521 specialmente
919 1477 1146 1512 nell'unione
1172 1479 1254 1521 quoi
1271 1478 1424 1517 hominm
1451 1476 1514 1510 cfr.
1533 1475 1601 1510 358

130 1546 150 1569 e
176 1536 246 1570 558
271 1546 291 1570 θ
317 1535 419 1570 Curc-
444 1536 478 1577 4,
504 1536 536 1577 2,
562 1537 618 1570 45.
646 1555 690 1560 -—
776 1534 872 1569 605.
900 1535 970 1570 Cfr.
1010 1535 1122 1569 Pocn.
1147 1537 1179 1576 4,
1207 1535 1237 1576 2,
1265 1535 1309 1569 82
1335 1536 1368 1568 is
1392 1536 1431 1568 in
1456 1535 1602 1567 divitias

129 1594 229 1627 homo
254 1595 435 1637 adoptavit
459 1595 561 1628 hunc.
588 1613 633 1618 —
684 1593 779 1627 606.
805 1595 909 1634 dices,
936 1595 955 1628 e
981 1593 1019 1627 la
1044 1593 1184 1628 lezione
1210 1593 1271 1627 dei
1289 1592 1419 1634 codici,
1436 1592 1473 1626 la
1490 1591 1600 1635 quale

130 1650 161 1684 si
187 1650 318 1694 spiega
343 1651 399 1686 col
425 1651 673 1694 considerare,
691 1652 757 1686 che
785 1652 821 1686 la
847 1651 1031 1686 relazione
1051 1651 1226 1686 esistente
1244 1653 1303 1685 tra
1322 1652 1455 1694 questa
1471 1660 1601 1694 propo·

131 1707 267 1743 sizione
293 1719 313 1743 0
337 1709 465 1753 quella
488 1710 554 1744 che
581 1710 737 1753 precede
762 1721 807 1744 va
825 1709 1052 1753 completam
1072 1720 1136 1752 per
1153 1720 1272 1743 mezzo
1292 1709 1328 1743 di
1347 1720 1420 1742 una
1448 1707 1602 1752 protasi,

131 1766 198 1800 che
223 1766 330 1801 suoni
355 1778 376 1801 a
400 1779 450 1801 un
475 1767 657 1810 dipresso:
683 1771 716 1801 si
740 1769 802 1801 hoc
827 1770 937 1801 dicas.
963 1787 1006 1791 —
1034 1773 1070 1801 tu
1096 1769 1224 1810 edepol,
1251 1778 1316 1810 per
1340 1767 1515 1810 tueedepol
1541 1765 1601 1800 dei

131 1824 245 1867 codd„
272 1835 340 1859 con
364 1824 442 1859 iato
467 1824 568 1859 nella
593 1837 733 1860 cesura.
760 1842 803 1847 —-
828 1826 949 1859 nullus
975 1825 1005 1858 si
1032 1827 1139 1860 trova
1164 1826 1365 1868 adoperato
1393 1825 1602 1867 frequente-

129 1884 256 1916 mente
281 1882 343 1916 nei
368 1882 471 1926 poeti
499 1883 631 1917 comici
658 1883 714 1917 col
741 1894 848 1917 senso
877 1883 1040 1917 enfatico
1067 1883 1103 1916 di
1129 1895 1222 1924 non;
1253 1883 1317 1917 cfr.
1342 1882 1446 1917 Asin.
1471 1882 1503 1924 2,
1529 1883 1562 1924 4,
1580 1881 1601 1914 2

127 1941 161 1973 is
184 1940 306 1973 nullus
330 1942 423 1973 venit
447 1951 466 1974 0
495 1940 566 1974 Cic.
594 1941 641 1975 ad
667 1941 743 1975 Ate.
773 1941 826 1984 11,
853 1941 908 1981 24,
934 1942 956 1975 4
981 1942 1192 1975 Philotimus
1209 1942 1330 1975 nullus
1346 1943 1448 1974 venit.
1468 1960 1511 1965 -—
1530 1952 1600 1974 cre-

129 1999 230 2038 duas,
257 1997 321 2031 cfr.
348 2009 382 2032 n.
408 1998 488 2033 436.
514 2015 560 2020 —
656 1997 751 2032 607.
780 2011 830 2032 me
855 1999 964 2032 nihili
988 2000 1057 2038 (col
1084 1999 1306 2040 Camerario,
1334 2010 1400 2043 per
1424 1999 1516 2032 nihil
1541 1997 1601 2032 dei

130 2054 246 2094 codd.)
262 2057 549 2099 pendere,sott.:
579 2054 592 2069 ‘¹
611 2056 667 2091 sia
685 2057 750 2091 che
778 2059 818 2091 tu
846 2057 880 2093 lo
908 2059 1028 2100 creda,
1044 2058 1099 2093 sia
1117 2058 1182 2092 che
1208 2069 1282 2092 non
1310 2057 1344 2092 lo
1372 2057 1482 2091 creda
1503 2082 1531 2098 „.
1556 2073 1602 2078 —

130 2111 225 2146 608.
252 2124 357 2156 quam
382 2115 571 2147 dudum=
585 2126 690 2158 quam
706 2117 770 2149 diu
798 2121 847 2150 est
871 2128 914 2150 ex
931 2129 996 2160 quo
1018 2115 1031 2129 “
1050 2117 1096 2151 da
1113 2119 1219 2151 tanto
1238 2118 1364 2159 tempo
1383 2142 1410 2157 ,.
1432 2135 1471 2139 —-
1499 2116 1601 2154 istuc,

128 2172 214 2206 nott.
240 2172 332 2215 quod
356 2177 395 2205 tu
419 2173 520 2206 dicis.
546 2191 591 2196 --
615 2173 699 2207 ilico
719 2170 732 2185 ‘⁴
755 2184 819 2208 ora
836 2177 964 2215 stesso,
983 2175 1021 2209 in
1039 2177 1171 2218 questo
1190 2175 1379 2209 momento
1400 2200 1428 2215 „‚
1455 2172 1519 2207 cfr.
1538 2172 1599 2207 Ce-

106 2223 216 2264 01110
241 2241 295 2273 pr.
321 2228 454 2271 Nonio,
480 2242 514 2274 p.
541 2230 608 2264 325
633 2231 716 2265 ilico
745 2237 826 2265 ante
861 2235 990 2266 ostium
1026 2234 1082 2267 hic
1118 2234 1263 2272 erimus,
1301 2231 1411 2266 Merc.
1439 2231 1470 2271 5,
1497 2231 1528 2271 2,
1557 2231 1597 2265 71

127 2288 208 2321 istic
232 2292 287 2321 sta
311 2288 405 2329 ilico,
430 2287 539 2322 Most.
566 2288 645 2330 5,1‚
667 2289 708 2323 16
733 2290 816 2323 ilico
842 2291 942 2323 intra
961 2292 1067 2323 limen
1085 2295 1196 2324 astate
1213 2291 1279 2323 illi.
1311 2309 1346 2313 —
1401 2288 1495 2322 609.
1514 2278 1600 2323 1(ιηί-

127 2345 229 2379 modo
256 2342 318 2379 “or
343 2356 408 2380 ora
428 2373 441 2388 „
460 2358 468 2380 :
503 2348 522 2380 e
549 2348 682 2389 questa
706 2358 780 2381 una
797 2347 1020 2391 peculiariis,
1038 2348 1074 2382 di
1093 2349 1180 2391 quel
1198 2347 1355 2382 dialetto
1374 2346 1601 2391 prenestino,

128 2402 196 2437 che
221 2402 354 2438 Plauto
380 2406 496 2438 mette
523 2404 561 2438 in
587 2407 728 2439 mostra
753 2405 870 2440 anche
897 2406 1051 2447 altrove,
1079 2416 1194 2447 come,
1221 2406 1268 2440 ad
1293 2416 1353 2447 es„
1379 2405 1419 2439 in
1443 2405 1549 2439 Truc.
1568 2404 1601 2446 3,

128 2460 160 2501 2,
187 2460 231 2495 23
257 2465 295 2494 ut
319 2462 563 2496 Praenestinis
588 2466 690 2497 conia
715 2469 765 2497 est
790 2466 936 2497 ciconia.
972 2464 987 2498 I
1028 2464 1239 2498 Prenestini
1277 2475 1366 2498 sono
1404 2463 1516 2498 derisi
1554 2463 1602 2497 da

127 2518 260 2554 Plauto
279 2529 383 2554 come
400 2520 653 2564 vanagloriosi
671 2532 690 2556 e
709 2522 956 2556 millantatori
973 2519 1159 2565 (yloriosi),
1179 2522 1242 2557 cfr.
1264 2522 1394 2557 Bacch.
1413 2522 1469 2555 24.
1492 2521 1601 2556 Festo

127 2576 162 2610 ci
186 2577 334 2612 ricorda
358 2589 494 2614 ancora
519 2578 614 2614 altre
640 2579 711 2614 due
736 2579 962 2624 peculiaritas,
987 2580 1046 2615 del
1072 2580 1229 2616 dialetto
1256 2580 1295 2615 di
1320 2581 1508 2622 Preneste,
1535 2579 1601 2614 che

197 2653 234 2681 Ε.
256 2653 403 2690 Coccum,
424 2655 534 2683 Plauti
556 2656 763 2685 Trinummus.
1515 2658 1533 2682 6
