1818 2973
511 41 593 50 ..ψ-ι

481 115 702 141 'rmxvnfflvs
725 114 773 146 tv,
798 103 830 145 1,
851 102 1007 142 21-243
1029 102 1063 143 2,
1082 99 1190 135 1-14
1504 98 1568 132 107

206 195 356 240 Tribus
383 196 564 238 nummis
589 194 715 236 hodie
742 194 878 236 locaui
906 195 958 234 ad
985 192 1090 235 &rtis
1116 187 1397 241 naugatdrias.

206 259 396 315 Aduenio
423 284 478 313 ex
505 267 707 317 Seleucia,
737 267 992 317 Macedonia,
1012 268 1109 308 Asia
1132 269 1258 317 atque
1278 249 1443 311 Arabia,
1490 263 1569 302 845

207 345 318 395 Ques
345 358 423 398 ego
449 357 586 397 neque
613 339 744 386 oculis
770 355 907 394 neque
935 343 1106 394 pedibus
1133 337 1333 391 umquam
1365 331 1569 387 usurpaui

1454 423 1570 452 meis.

209 493 344 539 Viden
373 499 534 549 egestas
562 490 659 546 quid
687 494 827 545 negoti
856 492 927 534 deit
955 492 1113 532 homini
1152 489 1304 531 misero
1332 488 1461 528 mali?
1527 515 1543 537 5

208 569 316 621 Quin
344 584 419 624 ego
455 582 568 612 nunc
608 569 776 622 subigor
817 569 946 609 trium
975 579 1192 607 nummum
1213 563 1338 606 caiisa
1367 566 1415 603 ut
1442 562 1570 602 hasce

1371 623 1572 690 epistulas

208 719 351 763 Dicam
379 723 430 762 ab
449 733 498 763 eo
526 721 695 762 homine
715 731 781 761 me
799 717 1023 770 accepisse,
1045 729 1168 769 quem
1189 715 1265 768 ego
1285 716 1353 767 qui
1375 714 1428 754 sit
1446 713 1572 752 homo

1418 787 1570 834 nescio,

207 871 353 923 Neque
381 872 490 920 noui,
521 883 656 922 neque
685 870 809 912 neitus
828 881 961 912 necne
989 866 1117 909 suerit
1145 869 1185 907 id
1213 864 1343 907 solide
1363 864 1462 905 scio.
1493 863 1572 902 850

106 950 182 988 CH.
212 947 282 988 Pol
309 948 549 999 hicquidem
579 943 750 998 fungino
776 948 993 998 gener-est:
1022 943 1160 995 ceipile
1188 954 1232 983 se
1260 937 1392 982 totum
1419 938 1536 990 tegit..

214 1019 403 1065 Hilurica
433 1020 560 1064 facies
589 1022 758 1063 uidetur
786 1020 982 1062 hominis:
1011 1032 1060 1061 eo
1089 1021 1242 1059 ornatu
1272 1016 1458 1057 dduenit.
1513 1042 1545 1066 ,ο

107 1102 178 1141 SV.
219 1082 293 1140 I'lle
321 1099 390 1149 qui
420 1110 487 1139 me
514 1095 726 1144 conduxit,
758 1097 827 1137 ubi
856 1092 1068 1143 conduxit,
1099 1089 1275 1134 abduxit
1303 1093 1489 1131 domum:

210 1172 324 1221 Quae
353 1174 486 1213 uoluit
514 1172 617 1212 mihi
646 1170 762 1219 dixit,
792 1172 933 1211 docuit
960 1170 1001 1210 et
1030 1162 1382 1220 praemonstrauit
1411 1165 1538 1217 prius,

210 1248 298 1298 Quo
325 1251 446 1290 modo
474 1250 652 1300 quicque
681 1245 864 1299 agerem.
919 1258 1032 1287 nunc
1059 1247 1162 1286 adeo
1190 1240 1323 1294 siquid
1354 1253 1430 1294 ego
1458 1240 1576 1281 addi-

1123 1322 1223 1361 dero
1251 1318 1441 1369 amplius,
1497 1316 1576 1356 855

214 1395 527 1441 Eo'conductor
556 1397 704 1440 melius
732 1400 783 1440 de
811 1410 877 1439 me
905 1397 1034 1449 nogas
1062 1394 1364 1437 conciliz'iuerit.

107 1541 170 1574 sub
178 1542 275 1583 falas
284 1540 300 1573 .2
310 1559 354 1565 —
381 1541 476 1577 844.
487 1544 748 1587 nauyatoriase
760 1542 796 1576 la
805 1541 947 1577 lezione
957 1541 1016 1576 del
1027 1540 1273 1585 palimpsesto
1283 1536 1576 1582 (propriamente

106 1599 375 1642 naviqatorias),
389 1611 456 1644 per
472 1604 682 1644 nugatorias
699 1600 799 1644 degli
816 1600 904 1634 altri
919 1599 1021 1634 codd.
1041 1599 1110 1634 Cfr.
1130 1610 1165 1632 n.
1184 1599 1262 1632 396.
1277 1613 1321 1617 —
1359 1595 1455 1629 846.
1476 1606 1576 1628 usur-

101 1658 189 1700 pavi
218 1655 231 1669 ⁸
247 1657 369 1692 toccai
391 1685 419 1700 „,
445 1659 510 1693 cfr.
538 1659 636 1694 Pers.
665 1659 731 1693 746
755 1660 815 1702 pol
832 1662 922 1692 istuc
939 1660 1076 1701 quidem
1092 1659 1165 1690 iam
1183 1668 1241 1700 eqo
1269 1655 1446 1698 usurpabo
1471 1654 1576 1687 domi.

109 1731 151 1736 —
231 1714 327 1750 847.
353 1718 433 1751 dat:
460 1720 600 1760 quanto
627 1716 897 1751 all'indicativo
924 1716 988 1750 cfr.
1013 1728 1048 1749 n.
1076 1715 1131 1749 63.
1164 1730 1209 1734 -
1241 1715 1328 1748 mali
1354 1715 1485 1756 neqoti;
1513 1710 1576 1745 cfr.

107 1773 215 1808 Most.
241 1773 272 1814 2,
291 1774 324 1816 2,
339 1775 382 1809 98
408 1777 493 1818 quid
518 1787 577 1819 eqo
601 1776 702 1809 hodie
727 1777 842 1818 neyoti
866 1776 999 1817 confeci
1024 1775 1120 1808 mali.
1158 1790 1202 1795 -
1299 1771 1394 1806 848.
1420 1772 1532 1804 trium
1557 1770 1577 1804 ὲ

107 1832 365 1874 monosillabo‚
392 1834 455 1868 cfr.
481 1833 619 1868 Introd.
645 1834 749 1877 Capt.
787 1833 860 1867 XL.
897 1850 937 1854 —
964 1834 1155 1873 mammam,
1182 1831 1238 1866 col
1263 1830 1361 1871 Reiz,
1388 1840 1454 1873 per
1478 1839 1577 1862 num-

107 1901 246 1924 morum
271 1891 332 1925 dei
358 1891 473 1933 codd„
500 1891 562 1925 cfr.
589 1903 624 1925 n.
658 1891 736 1926 152.
774 1908 820 1913 —-
855 1893 1127 1934 quin=quime
1156 1887 1169 1901 ⁸
1191 1888 1326 1933 perche
1352 1886 1458 1921 mai‘?
1479 1913 1509 1929 ,Η
1547 1885 1578 1919 si

105 1948 272 1992 adopera
296 1949 369 1993 poi,
387 1960 491 1984 come
509 1949 584 1992 qui,
603 1960 670 1993 per
687 1948 897 1993 significare
927 1946 939 1961 ⁸
962 1950 1189 1982 certamente
1211 1974 1240 1989 „.
1266 1965 1311 1971 -
1360 1944 1455 1979 850.
1473 1955 1578 1978 necne

107 2006 163 2041 eol
190 2007 362 2051 palimps.
388 2008 558 2050 ambros„
584 2019 652 2051 per
676 2019 781 2041 necne
805 2009 837 2040 is
863 2006 963 2050 degli
989 2006 1076 2040 altri
1113 2006 1216 2041 codd.
1243 2020 1287 2024 —
1311 2005 1421 2038 solide
1449 2000 1462 2015 ¹¹
1485 2001 1577 2037 sieu-

106 2067 285 2107 ramente,
311 2077 378 2110 per
401 2066 518 2100 fermo
540 2092 569 2109 ‚.
595 2082 639 2088 —-·
735 2064 822 2099 851.
847 2066 1008 2108 funyino.
1035 2065 1064 2098 Il
1091 2064 1270 2099 sicofante
1295 2062 1357 2097 nel
1383 2072 1447 2096 suo
1475 2060 1576 2095 abito

106 2122 155 2156 da.
178 2123 328 2166 viaggio
353 2126 512 2167 portava
536 2123 575 2157 in
600 2125 699 2158 testa
734 2123 762 2157 il
800 2123 970 2167 cappello
997 2123 1198 2157 macedone
1225 2119 1376 2163 (causia)
1402 2131 1423 2154 a
1448 2118 1577 2161 larghe

106 2180 216 2222 falde,
242 2180 270 2214 il
296 2181 406 2224 quale
432 2182 470 2215 di
507 2181 659 2216 lontano
696 2181 751 2224 gli
785 2181 881 2215 dava
905 2181 1081 2224 l'aspetto
1119 2180 1206 2214 d'un
1243 2180 1368 2222 fungo,
1401 2177 1465 2212 cfr.
1499 2176 1577 2211 Mil.

108 2238 209 2273 1178.
227 2254 272 2258 —
297 2242 410 2283 capite
438 2237 451 2252 “
474 2240 531 2274 col
550 2239 720 2283 cappello
743 2266 771 2281 ,.
798 2255 843 2262 —
908 2237 1004 2272 852.
1023 2238 1422 2280 Hilurica=illyrica.
1442 2235 1577 2279 L'aspi-

106 2296 252 2332 razione
278 2297 311 2332 ci
337 2300 356 2332 e
383 2298 470 2332 data
496 2298 557 2332 dai
582 2309 680 2338 mss„
705 2299 812 2332 tanto
837 2296 876 2330 in
902 2299 1034 2341 questo
1059 2296 1171 2340 luogo
1199 2298 1339 2339 quanto
1364 2294 1403 2328 in
1420 2294 1517 2328 Men.
1543 2293 1576 2336 2,

110 2353 141 2395 1,
167 2354 221 2389 10.
238 2368 344 2398 -εο,
370 2356 449 2391 scil.
474 2357 638 2391 hilurico.
659 2371 699 2375 —
727 2354 824 2390 853.
851 2357 920 2393 ule,
946 2355 1009 2389 cfr.
1037 2355 1173 2390 Introd.
1201 2354 1305 2398 Capt.
1324 2351 1506 2387 XXXVII.
1530 2367 1575 2374 -

108 2411 203 2447 854.
229 2425 316 2457 quae
339 2415 449 2449 voluit
477 2412 489 2426 '‘
512 2414 546 2449 le
572 2426 635 2449 sue
660 2414 866 2449 intenzioni
888 2441 916 2456 „.
942 2429 986 2433 -
1008 2413 1330 2457 Ρναεννιοηειναι”ι’ί,Γ
1353 2411 1415 2446 cfr.
1433 2423 1469 2445 n.
1495 2409 1575 2445 342.

107 2486 151 2492 —
201 2470 296 2505 855.
310 2483 458 2516 aqerem,
473 2473 536 2507 cfr.
554 2485 588 2507 n.
609 2472 688 2507 639.
711 2489 749 2494 κ
801 2471 896 2506 856.
916 2472 1106 2506 conciliare
1131 2471 1200 2504 sibi
1223 2484 1267 2497 =
1290 2481 1436 2513 parare,
1455 2479 1576 2510 emere,

105 2539 126 2564 e
151 2529 276 2574 percio
302 2531 321 2565 “e
348 2531 525 2566 costruito
552 2531 609 2566 col
634 2532 684 2565 de.
713 2531 743 2564 11
769 2530 950 2565 sicofante
976 2540 1103 2574 pensa,
1129 2528 1208 2572 che,
1233 2539 1270 2564 se
1297 2527 1371 2571 egli
1397 2527 1577 2562 mandere.

105 2597 129 2623 a
153 2589 312 2624 termine
338 2589 376 2624 la
399 2601 465 2625 sua
490 2593 596 2634 parte
623 2601 690 2625 con
718 2589 890 2632 migliore
929 2588 1079 2632 arg-ozia
1103 2587 1149 2623 ed
1174 2587 1308 2622 abilita
1333 2587 1372 2621 di
1396 2585 1483 2631 quel
1509 2585 1576 2620 che
