1818 2973
221 74 266 109 50
809 87 848 111 M.
872 86 953 112 Acct
977 87 1108 113 Ριωτι

325 159 569 215 Quiquidem
605 176 808 216 nusquam
848 164 922 216 per·
961 169 1162 207 uirtutem
1193 166 1283 208 rem
1312 169 1519 221 confregit
1560 168 1688 222 etque

1466 250 1572 296 eget.
1629 277 1663 298 ⁵⁵

324 310 390 355 Nil
420 326 562 355 moror
590 326 685 355 eum
714 309 786 354 tibi
816 326 906 356 esse
933 316 1115 356 amicum
1153 328 1248 357 cum
1289 315 1379 358 eius
1423 321 1530 360 modi
1562 318 1690 361 uimi-

1567 397 1688 436 tibus.

221 466 296 505 LV.
324 460 426 512 Quia
456 465 545 504 sine
573 465 685 503 omni
717 463 1131 514 mialitiast‚tolerz'1re
1151 470 1380 517 egestatem
1410 466 1500 509 eius
1528 472 1636 511 uolo.

221 541 295 577 PH.
325 536 383 578 De
411 539 601 578 mendico
631 536 739 579 male
769 542 958 580 meretur
985 541 1055 591 qui
1084 539 1122 581 ei
1143 542 1213 581 dat
1233 543 1340 592 quod
1361 543 1446 583 edit
1466 541 1538 584 mit
1558 545 1688 585 bibat:

325 615 430 653 Nam
460 611 502 653 et
531 613 631 653 illud
661 615 769 664 quod
798 615 869 654 dat
898 614 1032 666 perdit
1060 619 1102 657 et
1131 617 1189 656 illi
1219 616 1355 668 prddit
1383 619 1512 658 uitam
1542 621 1592 659 ad
1616 616 1690 660 mi-

1388 695 1556 734 seriam.
1611 698 1688 735 340

325 762 414 802 Νόη
444 775 493 804 eo
522 763 628 805 haec
657 765 759 813 dico,
789 761 889 816 quin
917 778 1023 816 quae
1051 770 1097 806 tu
1127 752 1190 807 uis
1210 765 1286 819 ego
1315 769 1441 809 uelim
1470 773 1511 810 et
1540 769 1687 811 faciem

1409 845 1574 885 lubens:

325 912 403 954 Sed
432 925 509 965 ego
538 914 617 955 hoc
650 916 825 956 uerbum
854 914 977 965 qudm
1007 917 1066 955 illi
1095 918 1290 967 quoidam
1328 915 1430 966 dieo,
1470 875 1688 970 1113611131-

1485 994 1572 1035 str6
1600 997 1686 1044 tibi,

323 1066 378 1120 Vt
406 1081 463 1121 ita
493 1084 533 1122 te
561 1079 738 1122 aliomim
769 1084 1027 1132 miserescat,
1054 1081 1107 1124 ne
1136 1085 1188 1124 tis
1215 1085 1317 1125 alios
1346 1082 1554 1127 misereat.

218 1157 294 1197 LV.
323 1156 525 1197 Deserere
553 1158 670 1196 illum
700 1161 741 1198 et
770 1156 971 1199 deiuuare
1000 1159 1041 1198 in
1071 1157 1196 1199 rebus
1224 1157 1413 1201 adum-sis
1442 1163 1582 1212 pudet.

219 1335 313 1370 336.
340 1337 556 1379 quiquid&m;
584 1336 647 1371 cfr.
674 1348 707 1370 v.
733 1336 812 1371 953.
843 1354 879 1359 —
908 1350 1141 1381 nusquam:
1157 1340 1193 1373 in
1211 1341 1311 1374 nulla
1336 1351 1376 1374 re
1400 1346 1462 1374 aut
1480 1344 1625 1384 neyotio.
1643 1362 1688 1367 --

216 1400 318 1437 atque
346 1391 359 1406 “
378 1405 396 1428 e
423 1405 514 1436 pure
533 1421 560 1436 „.
583 1411 618 1416 --
698 1394 792 1429 337.
818 1397 872 1429 nil
897 1407 1028 1436 moror,
1047 1397 1111 1431 cfr.
1129 1409 1163 1431 n.
1183 1398 1262 1431 297.
1288 1417 1333 1422 —
1359 1410 1447 1440 cum,
1465 1400 1528 1433 cfr.
1548 1400 1625 1434 Mil.
1646 1401 1689 1435 16

215 1464 336 1495 nempe
373 1453 475 1485 illum
509 1453 600 1485 dicis
637 1465 715 1486 cum
748 1456 863 1486 armis
896 1457 1028 1495 aureis,
1058 1454 1108 1488 ib.
1138 1455 1206 1489 658
1232 1461 1304 1489 tres
1329 1457 1483 1491 hominis
1507 1470 1584 1491 cum
1609 1460 1690 1492 istt's

215 1512 384 1544 moribus.
414 1530 458 1534 ——
495 1513 571 1545 eius
601 1512 619 1545 e
649 1511 743 1546 fatto
778 1511 1025 1547 monosillabo
1060 1524 1126 1555 per
1159 1513 1316 1548 sinizesi.
1352 1533 1392 1539 —-
1492 1515 1588 1550 338.
1613 1518 1690 1551 sine

216 1570 458 1602 omni=sine
484 1569 576 1611 ulla5
613 1568 675 1602 cfr.
708 1581 742 1603 v.
776 1569 855 1610 621,
891 1569 975 1603 Aul.
1006 1570 1038 1610 2,
1065 1570 1097 1612 3,
1125 1571 1168 1605 38
1193 1574 1270 1605 sine
1294 1574 1390 1606 mala
1415 1575 1512 1607 omni
1535 1575 1687 1615 malitia,

215 1625 296 1660 Ter.
323 1625 437 1659 Andr.
455 1626 487 1664 2,
506 1626 539 1667 3,
560 1627 601 1660 17
619 1628 696 1660 sine
721 1629 818 1661 omni
836 1629 986 1670 periclo.
1014 1645 1057 1650 —
1083 1630 1500 1673 tolerare=sublevare,
1526 1631 1589 1665 cfr.
1608 1631 1688 1673 358,

215 1683 293 1718 371.
319 1703 364 1708 —
462 1683 557 1718 339.
583 1686 654 1718 edit
681 1686 698 1719 e
726 1696 842 1728 cong,
869 1685 932 1720 cfr.
960 1697 994 1720 n.
1021 1686 1099 1721 102.
1126 1706 1171 1711 --
1268 1686 1362 1721 340.
1384 1690 1510 1731 prodit
1535 1690 1554 1722 e
1580 1690 1688 1723 usato

213 1741 274 1776 nel
300 1753 405 1776 senso
432 1742 469 1775 di
493 1745 660 1786 producit
688 1740 701 1754 ‘⁶
719 1743 903 1786 prolunga,
921 1771 948 1785 „‚
974 1744 1021 1778 da
1046 1744 1104 1778 eui
1131 1744 1212 1778 anzi
1230 1756 1309 1779 esso
1328 1745 1359 1779 si
1375 1747 1483 1780 trova
1499 1745 1690 1780 sostituisso

213 1799 251 1833 in
276 1800 367 1834 tutti
393 1800 525 1843 quanti
544 1801 555 1834 i
574 1801 820 1843 manoscritti‚
840 1802 885 1835 ad
905 1802 1095 1836 eecezione
1114 1803 1174 1836 del
1193 1803 1365 1847 palimps.
1392 1803 1459 1838 che
1477 1803 1526 1838 ha
1545 1805 1689 1850 prodit;

213 1858 277 1892 cfr.
304 1857 385 1892 Ter.
411 1859 523 1892 Andr.
551 1859 618 1893 313
646 1864 682 1892 ut
708 1860 842 1903 aliquot
859 1862 980 1894 saltem
997 1862 1136 1903 nuptiis
1148 1863 1285 1904 prodat
1309 1863 1395 1895 dies.
1422 1878 1466 1883 —
1540 1861 1625 1896 341.
1652 1873 1690 1895 eo

214 1916 245 1951 si
270 1916 368 1950 elide
395 1927 462 1951 con
488 1918 580 1950 haec.
608 1936 652 1941 ———
679 1920 765 1961 quin
803 1915 815 1929 ‘⁴
835 1929 938 1952 come
965 1929 1002 1952 se
1029 1930 1102 1953 non
1121 1944 1148 1961 ,,.
1176 1938 1220 1942 ——
1341 1918 1435 1953 342.
1461 1921 1523 1954 hoc
1548 1921 1689 1954 verbum

218 1971 378 2018 ‘questa
404 1974 479 2008 mia
505 1976 680 2009 massima
698 2003 725 2017 „,
753 1976 879 2019 quella
897 1976 975 2010 eioe
993 1976 1060 2010 che
1079 1976 1127 2010 ha
1145 1987 1314 2019 espressa
1338 1977 1399 2011 nel
1426 1989 1458 2011 v.
1486 1977 1564 2020 339,
1585 1989 1602 2012 e
1623 1978 1689 2012 che

214 2032 554 2072 Lattanzio,1nstit.
582 2033 613 2074 6,
643 2033 857 2074 11‚ehiama
883 2036 1087 2067 detestanda
1112 2037 1295 2068 sententia.
1321 2054 1366 2059 —
1391 2047 1492 2078 quom
1518 2037 1624 2070 tanto
1650 2036 1689 2070 in

215 2092 345 2134 questo
372 2090 482 2133 luogo
509 2093 648 2134 quanto
674 2091 737 2125 nel
764 2103 795 2125 v.
823 2092 891 2126 634
910 2093 929 2126 e
960 2092 1161 2135 adoperato
1177 2092 1215 2126 in
1241 2103 1346 2127 senso
1362 2093 1620 2128 dichiarativo.
1649 2111 1686 2116 —-

214 2150 272 2182 illi
296 2150 461 2192 quoidam
491 2146 504 2160 “
522 2160 544 2182 a
569 2148 657 2192 quel
682 2149 758 2183 tale
776 2162 812 2192 „z
847 2149 877 2183 si
908 2149 1074 2184 riferisce
1100 2150 1407 2186 indubbiamente
1432 2151 1507 2186 alla
1532 2162 1692 2195 persona

215 2208 420 2240 accennata
446 2205 507 2240 nei
532 2218 590 2240 vv.
617 2207 696 2247 324,
723 2207 810 2248 326;
837 2207 900 2241 cfr.
920 2208 1054 2251 Amph.
1081 2208 1146 2242 621
1174 2209 1224 2242 ibi
1238 2210 1332 2251 forte
1356 2211 1463 2242 istum
1487 2211 1521 2243 si
1543 2211 1692 2243 vidisses

215 2265 386 2306 quendam
424 2265 464 2297 in
500 2267 634 2297 somnis
670 2266 819 2298 Sosiam.
857 2285 901 2290 ——
934 2271 1188 2309 praemonstro
1229 2263 1294 2300 “ti
1331 2266 1557 2301 ammonisco
1579 2293 1607 2308 „.
1645 2284 1690 2316 -ζ

217 2321 312 2355 343.
337 2324 389 2355 ita
418 2319 431 2333 ⁴⁴
450 2322 527 2357 solo
555 2322 627 2357 fino
653 2322 688 2356 al
715 2326 831 2366 punto
850 2351 878 2365 ,,.
905 2343 949 2348 -
975 2326 1022 2357 tis
1048 2335 1067 2358 e
1093 2326 1161 2358 mis
1186 2336 1274 2360 sono
1300 2325 1417 2359 forme
1443 2325 1612 2360 arcaiche
1630 2325 1691 2360 del

215 2379 383 2421 genitivo
422 2379 481 2413 dei
519 2380 689 2424 pronomi
727 2381 915 2424 personali
948 2387 985 2415 tu
1012 2381 1057 2416 ed
1083 2393 1152 2425 eqo,
1179 2393 1198 2416 e
1224 2382 1336 2416 fanno
1362 2381 1397 2416 le
1424 2382 1504 2416 veci
1530 2382 1567 2416 di
1593 2385 1647 2416 tui
1671 2393 1690 2416 e

216 2439 306 2470 mei:
334 2448 412 2470 esse
439 2437 468 2470 si
495 2440 650 2473 ‘crovano
676 2439 999 2482 frequentemente
1018 2440 1220 2483 adoperabe
1238 2440 1336 2474 nelle
1356 2441 1561 2475 commedie
1588 2440 1692 2483 plau-

215 2494 294 2529 tine
331 2505 350 2528 e
383 2495 498 2529 anche
531 2497 578 2529 da
606 2496 736 2532 Ennio.
762 2516 807 2522 —-
929 2496 1022 2531 344.
1049 2499 1216 2532 deiuvare
1252 2496 1265 2510 “
1287 2498 1452 2532 rifiutare
1479 2498 1692 2539 assistenw,

217 2551 320 2588 aiuto
339 2580 352 2596 „
383 2554 401 2587 e
428 2554 531 2588 detto
560 2565 627 2597 per
660 2555 834 2599 analogia
868 2555 904 2589 cli
931 2558 1101 2597 deserere,
1126 2567 1188 2590 ma
1212 2568 1285 2591 non
1311 2557 1338 2590 s‘
1352 2556 1524 2592 incontra
1548 2555 1624 2591 mai
1642 2556 1691 2590 al-
