1818 2973
237 81 303 117 102
826 97 864 122 M.
888 96 970 122 Accl
992 96 1126 123 pun-rt

341 172 519 224 Afferre,
548 187 630 216 non
659 179 805 227 petere
831 173 902 218 hic
929 189 975 219 se
1003 178 1126 219 dicet.
1180 180 1253 220 CA.
1273 176 1358 221 Ifim
1387 183 1452 221 sat
1479 183 1554 222 est.
1644 211 1678 235 ⁸⁵

237 252 320 290 ΜΕ.
349 253 434 303 Ego
460 248 763 303 sficophantam
792 251 874 292 iem
903 254 1092 294 conduco
1119 251 1171 295 de
1200 255 1299 302 foro,
1626 259 1704 297 815

339 322 630 378 Epistulasque
658 326 740 367 iem
770 327 1021 380 consignab6
1047 330 1163 378 duas,

339 405 527 452 Eumque
555 398 640 442 hfic
668 406 727 442 ad
752 402 1064 445 adulescentem
1092 402 1338 446 meditati’im
1367 408 1494 457 probe

339 476 515 517 Mittem.
540 477 547 530 Ι
597 480 669 518 CA.
700 481 756 518 Eo
784 491 861 531 ego
889 480 1019 531 igitur
1046 477 1157 522 intro
1184 482 1237 522 ad
1265 479 1449 522 officinm
1478 494 1636 524 meum:

339 555 402 592 Tu
430 550 537 593 istiic
564 564 655 605 age.
712 557 793 595 ΜΕ.
822 557 974 595 Actum
1003 555 1176 597 reddam
1204 554 1510 609 nugacissume.
1644 589 1677 611 90

793 700 1031 738 ACTUS
1076 700 1159 740 IV.

829 814 1103 854 CHARMmEs.

338 908 604 964 Salsipotenti
635 916 678 955 et
707 910 989 965 multipotenti
1019 916 1127 956 Iouis
1146 914 1267 956 fretri
1287 919 1330 957 et
1346 917 1486 966 Nerei,
1512 916 1706 970 Neptuno

1629 993 1707 1031 820

339 1057 492 1102 Laetl’is
535 1063 683 1103 lubens
725 1063 871 1103 laudes
899 1062 978 1115 ego
1007 1066 1050 1104 et
1076 1063 1208 1116 gratis
1235 1061 1477 1116 gratiasque
1505 1066 1638 1108 habeo
1665 1070 1708 1108 et

1354 1136 1549 1182 fluctibus
1575 1141 1706 1190 salsis,

235 1247 321 1283 814.
340 1250 407 1292 hic,
422 1249 500 1285 cio'e
515 1249 543 1284 il
558 1250 741 1285 sicosante
757 1263 765 1286 :
794 1250 822 1285 il
836 1250 1056 1286 Fleckeisen
1070 1251 1294 1294 sostifiuiscffi
1308 1263 1416 1288 senza
1437 1252 1602 1298 ragione,
1615 1255 1708 1289 hine.

237 1322 279 1327 —
353 1307 449 1342 815.
475 1310 696 1352 sucophanta
724 1306 737 1321 '‘
759 1309 787 1343 il
814 1309 1046 1345 ciurmadore
1068 1337 1098 1353 „,
1123 1309 1155 1345 si
1181 1310 1377 1346 chiamava
1400 1310 1439 1345 in
1464 1312 1584 1348 Atene
1610 1312 1709 1348 colui

206 1389 208 1393 ν
235 1366 302 1401 che
328 1377 394 1410 per
419 1367 558 1402 danaro
583 1367 792 1411 prestavasi
818 1367 865 1402 ad
890 1368 1012 1403 ordire
1038 1379 1113 1402 una.
1138 1368 1254 1409 fmde,
1280 1380 1421 1413 oppure
1446 1380 1497 1404 un
1522 1370 1657 1405 ricatho
1686 1382 1709 1405 a

235 1425 357 1460 danne
384 1424 422 1460 di
447 1437 497 1460 un
522 1427 633 1460 terzo.
660 1445 704 1450 -—-
730 1428 771 1459 de
793 1425 898 1468 foro:
923 1425 951 1460 il
976 1426 1056 1461 foro
1082 1426 1134 1465 (in
1158 1437 1212 1470 gr.
1238 1426 1367 1469 ἀγορά)
1393 1438 1457 1462 era
1480 1427 1507 1462 il
1536 1430 1643 1472 posto
1668 1428 1708 1463 in

236 1483 295 1518 cui
321 1483 352 1518 si
376 1486 534 1518 trovava
558 1483 874 1519 ordinariamente
907 1486 1040 1528 questa
1064 1487 1177 1529 gente
1203 1484 1325 1520 oziosa
1350 1497 1369 1520 e
1395 1486 1626 1530 vagabunda.
1664 1507 1706 1512 —

235 1541 321 1576 816.
350 1541 486 1583 Questo
520 1553 625 1577 verso
652 1544 670 1577 e
697 1542 862 1577 ritenuto
892 1543 1029 1586 spurio,
1061 1554 1079 1577 e
1113 1543 1144 1578 si
1176 1544 1283 1578 crede
1318 1544 1384 1578 che
1422 1544 1478 1578 sia,
1510 1546 1610 1579 stato
1643 1545 1707 1588 qui

232 1599 390 1635 inserito
421 1601 468 1635 da
485 1613 533 1635 un
563 1600 721 1644 qualche
748 1600 903 1644 copssta,
930 1601 1028 1636 sulla
1056 1603 1179 1636 scorta
1203 1602 1263 1636 del
1288 1613 1320 1635 v.
1348 1602 1426 1636 776.
1452 1619 1498 1624 —
1547 1601 1633 1636 817.
1660 1604 1708 1636 ad

234 1660 254 1694 e
281 1659 473 1703 aggiunto,
499 1659 635 1694 sull'es.
655 1659 715 1694 del
741 1659 966 1694 Camerario.
982 1680 1024 1685 —
1051 1662 1256 1694 meditatum
1281 1661 1301 1694 e
1327 1662 1480 1703 oggetto
1506 1659 1544 1694 di
1569 1662 1707 1694 mittam

235 1729 254 1752 e
280 1718 329 1752 ha
356 1718 483 1752 valore
520 1718 694 1762 passivo:
735 1715 748 1730 ‘⁴
770 1717 865 1752 bene
892 1717 1041 1754 istruito
1064 1731 1102 1761 „;
1130 1719 1194 1753 cfr.
1229 1718 1307 1752 Mil.
1334 1718 1366 1759 3,
1392 1718 1425 1759 3,
1456 1718 1501 1752 29
1526 1719 1608 1751 bene
1642 1730 1708 1751 me-

234 1778 384 1810 ditatam
414 1781 599 1820 utramque
632 1777 739 1816 duco;
771 1775 878 1819 Epid.
908 1776 940 1819 3,
970 1776 1002 1817 2,
1033 1776 1077 1811 39
1104 1789 1180 1810 eam
1202 1778 1474 1820 permeditatam
1506 1777 1593 1810 meis
1617 1777 1709 1810 dolis

234 1836 444 1878 astutiisque
468 1840 632 1869 onustam
652 1838 798 1869 mittam.
815 1850 860 1854 —
957 1833 1043 1868 818.
1069 1836 1218 1877 mittam,
1233 1845 1301 1869 con
1326 1834 1427 1869 iato:
1453 1845 1521 1878 per
1537 1833 1710 1877 evitarlo,

233 1892 261 1927 il
287 1892 431 1928 Ritsehl
468 1893 648 1937 aggiunse
687 1904 770 1937 erqo
794 1892 944 1927 innanzi
983 1893 1031 1927 ad
1064 1894 1188 1936 iyitur,
1224 1892 1361 1927 sull'es.
1396 1892 1455 1927 del
1487 1904 1521 1927 v.
1560 1893 1639 1927 756.
1663 1907 1709 1913 -·

234 1949 321 1984 819.
346 1952 439 1984 istuc
466 1947 479 1962 ⁸
501 1950 539 1985 la
571 1953 678 1994 parte
705 1951 771 1985 che
799 1962 821 1985 a
845 1952 882 1985 te
909 1952 1036 1994 spetta
1057 1977 1085 1993 „.
1116 1967 1161 1973 —
1192 1955 1308 1984 actum
1334 1951 1481 1984 reddam
1506 1951 1526 1984 e
1555 1949 1620 1993 pin
1647 1960 1708 1984 en-

234 2008 347 2043 fatico
365 2008 403 2042 di
420 2020 534 2051 aqam.
562 2025 605 2030 -—
630 2010 875 2051 nuqacissime,
901 2007 1191 2049 eoll’Hermann,
1217 2019 1284 2051 per
1301 2019 1433 2051 πηρασε
1449 2013 1533 2042 sunt
1549 2009 1623 2042 nisi
1648 2007 1708 2043 dei

234 2067 349 2109 codd„
367 2080 413 2093 =
430 2078 508 2101 cum
535 2068 701 2100 maximis
725 2068 842 2110 nuqis,
868 2067 888 2101 e
914 2078 963 2100 un
988 2064 1082 2099 ἅπαξ
1108 2065 1302 2107 λεγόμενον
1326 2066 1512 2101 Plautino.

280 2126 427 2160 Actus
460 2125 526 2159 IV.
553 2124 649 2158 820.
676 2123 792 2159 Entra
818 2124 989 2159 Carmide
1007 2125 1046 2159 in
1064 2123 1166 2159 abito
1185 2124 1232 2158 da
1248 2123 1410 2167 viaggio,
1436 2124 1533 2159 colla
1549 2123 1707 2159 clamide

235 2184 313 2219 cioe
339 2195 358 2219 e
384 2184 442 2219 col
460 2185 601 2227 petaso,
616 2194 634 2217 e
653 2183 794 2225 intona,
808 2195 875 2227 per
888 2183 925 2217 la
942 2182 1051 2217 felice
1065 2184 1274 2217 traversata
1291 2182 1357 2217 che
1375 2182 1424 2216 ha
1441 2183 1562 2223 avuto,
1576 2183 1708 2226 questo

234 2242 380 2277 cantico
405 2242 443 2277 di
468 2242 782 2285 ringraziamento
809 2241 885 2285 agli
912 2241 992 2276 Dei.
1022 2241 1052 2275 Il
1082 2242 1201 2276 metro
1227 2240 1266 2274 in
1293 2240 1350 2275 cui
1381 2251 1461 2275 esso
1490 2241 1511 2275 e
1540 2240 1670 2275 scritto
1689 2241 1708 2274 e

234 2300 366 2336 forseil
379 2302 600 2335 tetrametro
614 2299 842 2344 anapestieo,
858 2311 961 2335 come
976 2299 1011 2334 lo
1026 2298 1187 2343 Spengel
1202 2298 1401 2333 riconosee.
1414 2318 1459 2322 —
1469 2299 1712 2342 SaZs-ipotentv‘,

235 2359 293 2394 eoi
318 2359 564 2394 manoscritti.
592 2358 676 2400 Cfr„
701 2369 805 2393 come
830 2357 1051 2393 formazioni
1088 2356 1292 2402 parallele:
1318 2358 1514 2400 viripotens
1550 2356 1649 2391 Pers.
1675 2355 1711 2399 2,

235 2418 268 2459 3,
295 2418 326 2459 1,
352 2419 562 2461 caelipotens
586 2417 637 2452 ib.
663 2418 696 2458 5,
724 2418 753 2459 1,
781 2417 813 2459 3,
839 2418 1064 2460 multipotens
1089 2415 1168 2451 Cas.
1187 2416 1220 2458 4,
1238 2416 1271 2456 4,
1300 2416 1353 2450 17.
1379 2434 1425 2439 -
1448 2419 1481 2449 et
1505 2415 1625 2458 Nerei,
1651 2413 1708 2450 coi

235 2475 364 2519 codici,
391 2487 458 2520 per
482 2477 636 2510 aetherei
671 2476 738 2511 che
765 2475 801 2510 vi
827 2474 1026 2510 sostituiva
1062 2486 1171 2509 senza
1206 2473 1361 2517 bisogno
1390 2473 1425 2508 10
1456 2473 1655 2516 Scaligero,
1680 2471 1709 2506 il

234 2534 345 2579 quale
371 2537 460 2579 pere
485 2534 558 2569 ben
583 2534 771 2569 intravide
797 2533 1046 2573 lanecessitii.
1070 2533 1109 2567 di
1134 2542 1352 2576 correggere
1371 2533 1530 2576 Neptuni
1552 2533 1592 2565 in
1616 2531 1710 2574 Nep-

233 2599 329 2629 tuno.
356 2610 399 2616 -
461 2592 548 2627 821.
574 2594 687 2627 laetus
711 2594 855 2628 lubens:
881 2591 1110 2628 l'omissione
1135 2591 1237 2627 della
1262 2591 1395 2634 copula
1420 2595 1452 2625 et
1475 2591 1496 2621 h
1521 2588 1710 2625 conforme
