1818 2973
569 117 787 143 'rmnvmavs
810 117 851 148 u,
872 106 908 148 3,
923 105 1098 140 145-171
1531 105 1574 138 77

207 202 275 241 Me
302 194 374 240 tibi
404 200 559 239 dixisse
587 198 680 238 hoe.
735 201 811 238 ΡΗ.
840 194 987 237 Dixisti
1017 194 1174 236 arcano
1202 196 1315 236 satis.
1496 226 1545 248 ,55

101 278 170 316 ST.
204 275 310 323 Quin
338 270 409 315 hie
436 275 604 325 quidem
631 273 747 323 cupit
771 273 891 312 illum
918 270 970 317 zib
998 283 1043 312 se
1070 269 1365 318 abalienairier‚

205 347 373 399 Siquem
400 348 591 399 reperire
618 346 755 398 possit,
786 346 882 397 quoi
910 358 955 385 os
982 342 1178 386 sublimat.

99 427 175 465 ΡΗ.
204 427 321 465 Meus
340 424 507 474 quidem
527 419 671 463 hercle
690 432 917 472 numquam
937 417 1022 460 fiet.
1078 422 1146 461 ST.
1167 423 1206 460 Si
1229 417 1364 472 sapies
1385 420 1570 471 quidem.

206 500 360 551 Lepide
388 497 534 539 hercle
562 499 613 538 de
640 508 742 548 agro
770 508 847 548 ego
875 493 991 537 hunc
1010 507 1152 536 senem
1173 493 1384 536 deterrui:
1493 496 1572 533 500

206 575 314 614 Nam
341 568 412 623 qui
441 572 635 612 uiuamus
663 566 768 610 nihil
796 573 871 618 est,
900 570 933 609 si
963 570 1082 609 illum
1115 565 1316 609 amiserit.
1495 597 1545 620 ¹60

103 651 179 688 ΡΗ.
207 648 346 689 Redeo
373 646 426 688 aid
454 649 508 693 te,
538 640 776 686 Lesboniee.
832 646 905 685 LE.
934 645 1008 684 Dic
1036 643 1156 685 sodes
1184 645 1302 691 mihi,

206 722 311 770 Quid
339 721 410 762 hic
438 719 500 762 est
527 721 692 761 locutus
720 717 891 760 tecum?
945 722 1021 760 ΡΗ.
1049 720 1154 767 Quid
1184 717 1357 760 censes?
1386 720 1570 759 homost:

206 798 303 837 Volt
330 792 423 837 {ieri
453 798 568 843 liber,
591 794 742 836 uerum
771 796 879 846 quod
909 796 978 836 det
1006 793 1087 835 non
1116 795 1255 835 habet.

102 875 175 913 LE.
204 875 253 912 Et
281 870 356 922 ego
385 883 476 913 esse
503 872 698 922 locuples,
731 870 880 911 uerum
909 869 1187 921 nequicquaim
1217 871 1325 911 uolo.
1494 871 1573 909 565

102 950 169 988 ST.
198 943 426 994 Licitumst,
456 946 489 986 si
519 948 667 986 uelles:
697 942 820 992 nunc,
851 957 974 996 quom
1004 946 1109 985 nihil
1138 949 1212 993 est,
1242 944 1324 986 non
1353 945 1463 985 licet.
1497 975 1544 998 16⁵

103 1024 176 1063 LE.
203 1023 308 1070 Quid
338 1020 487 1069 tecum,
518 1022 724 1062 Stasime?
779 1023 846 1061 ST.
876 1023 933 1061 De
960 1017 1064 1061 istoc
1093 1022 1200 1071 quod
1230 1016 1335 1061 dixti
1364 1021 1505 1061 modo:

208 1097 250 1136 Si
279 1094 376 1137 ante
404 1097 621 1141 uoluisses,
650 1094 778 1136 esses:
808 1107 921 1136 nunc
950 1095 1044 1136 sero
1073 1097 1202 1146 cupis.

102 1174 178 1212 ΡΗ.
208 1173 265 1212 De
294 1169 387 1212 dote
416 1182 581 1211 mecum
610 1169 827 1211 conueniri
858 1167 913 1211 nil
943 1172 1070 1222 potis:

206 1246 320 1293 Quod
351 1240 421 1286 tibi
452 1245 577 1292 lubet,
609 1248 698 1285 tute
726 1244 838 1296 figito
867 1256 962 1285 cum
992 1244 1117 1296 gnato
1146 1257 1250 1286 meo.
1521 1247 1572 1284 70

204 1322 326 1361 Nunc
356 1319 471 1362 tuam
500 1332 686 1361 sororem
716 1316 803 1360 filio
833 1319 955 1372 posco
983 1332 1094 1361 meo:
1497 1349 1544 1372 ‚70

205 1400 320 1446 Quae
348 1395 416 1437 res
443 1398 548 1438 bene
577 1400 730 1437 nortat.
759 1392 855 1447 quid
886 1399 1028 1438 nunc?
1057 1399 1182 1438 etiam
1213 1396 1423 1437 consulis?

101 1538 262 1574 Stasimo
281 1540 300 1573 e
314 1538 433 1574 sicuro
447 1539 484 1573 di
500 1532 791 1574 t1·ovare{nalat›1
810 1551 894 1580 rem,
909 1539 947 1573 di
973 1551 1022 1583 pr
1033 1550 1052 1574 o
1065 1551 1084 1571 v
1095 1550 1115 1573 a
1126 1551 1143 1572 r
1155 1550 1173 1574 e
1201 1538 1279 1574 cioe
1305 1538 1339 1573 il
1364 1539 1386 1573 b
1398 1541 1553 1574 astone
1564 1565 1572 1581 ,

98 1597 139 1631 in
163 1597 378 1640 qualunque
404 1597 514 1640 luogo
542 1597 616 1640 egli
642 1597 673 1632 si
699 1597 810 1632 trovi.
835 1614 878 1619 -
976 1596 1070 1631 556.
1097 1599 1246 1631 dixisti:
1273 1597 1302 1631 il
1328 1597 1572 1641 palimpsesto

99 1654 150 1688 ha.
173 1656 277 1695 dixti,
291 1666 357 1698 per
381 1654 563 1689 influenza
588 1658 688 1690 certo
707 1655 766 1690 del
786 1668 818 1689 v.
837 1656 915 1690 567.
934 1675 978 1680 —
996 1667 1129 1689 arcano
1147 1657 1166 1689 e
1185 1655 1272 1695 dab,
1298 1655 1361 1689 cfr.
1379 1667 1413 1688 n.
1433 1656 1512 1691 518.
1526 1675 1552 1679 —

102 1711 197 1746 557.
223 1715 360 1756 quidem
384 1725 458 1748 non
478 1714 515 1747 fa
540 1713 736 1757 posizione.
765 1734 806 1738 —
834 1715 946 1756 illum,
972 1713 1050 1747 scil.
1077 1725 1214 1756 agrum.
1242 1731 1285 1735 -
1371 1712 1465 1747 558.
1491 1715 1574 1757 quoi

100 1781 176 1804 non
201 1770 232 1804 si
257 1770 352 1805 elide
379 1782 447 1805 oon
472 1783 520 1812 os,
540 1772 601 1806 cfr.
619 1784 654 1805 n.
674 1771 752 1806 358.
773 1791 813 1796 —
833 1784 871 1806 os
889 1773 1045 1805 sublznat
1058 1785 1102 1798 =
1115 1773 1278 1814 decipiat.
1305 1771 1437 1812 Nonio,
1455 1783 1490 1815 p.
1505 1772 1572 1806 45:

103 1826 117 1840 ⁸
134 1828 297 1863 sublevit
321 1828 507 1872 significat
532 1829 662 1864 inlusit
688 1831 726 1864 et
751 1841 816 1872 pro
842 1829 1000 1864 ridiculo
1034 1829 1176 1870 habuit,
1203 1831 1362 1864 tractum
1390 1840 1411 1863 a
1435 1840 1572 1872 genere

98 1886 190 1927 ludi,
215 1897 287 1930 quo
313 1886 583 1921 dormientibus
619 1899 684 1922 ora
716 1887 920 1931 pinguntur
937 1914 966 1929 ,,.
1000 1905 1043 1910 -
1164 1887 1258 1921 559.
1284 1889 1420 1931 quidem
1447 1888 1572 1930 hercle,

98 1944 161 1979 cfr.
188 1944 326 1978 Introd.
351 1944 457 1989 Capt.
482 1945 680 1979 XXXVIII.
707 1965 752 1970 —
781 1981 785 1983 ,
837 1945 921 1980 561.
949 1948 1018 1989 qui,
1046 1945 1131 1987 abl„
1160 1943 1173 1957 “
1191 1945 1228 1980 di
1247 1945 1313 1979 che
1333 1972 1361 1987 „.
1388 1965 1432 1969 —-
1457 1947 1570 1987 illum,

98 2002 176 2036 scil.
202 2014 339 2045 agrum.
358 2022 402 2027 —-
458 2002 553 2036 562.
579 2005 679 2038 sodes
708 2001 721 2015 ¹⁴
739 2014 777 2038 se
795 2004 822 2038 ti
843 2004 948 2048 piace
967 2031 994 2046 „,
1022 2004 1085 2038 cfr.
1104 2016 1139 2038 n.
1156 2004 1235 2038 224.
1263 2023 1307 2028 —-
1373 2003 1468 2037 563.
1486 2006 1572 2047 quid

97 2072 224 2102 censes,
250 2062 335 2095 sott.
361 2072 435 2094 eum
462 2062 614 2095 locutum
639 2073 720 2096 esse.
748 2079 792 2084 —-
888 2061 983 2096 565.
1011 2064 1249 2106 nequicquam,
1277 2066 1340 2096 cit.
1366 2074 1401 2095 n.
1427 2062 1507 2096 440.
1524 2079 1570 2084 —

100 2117 195 2151 566.
221 2119 390 2152 licitumst
418 2116 430 2130 ⁴⁴
450 2131 499 2153 un
524 2121 650 2162 tempo
676 2131 722 2154 ne
748 2122 904 2155 avevate
930 2120 941 2154 i
968 2120 1090 2161 mezzi,
1119 2119 1154 2153 vi
1181 2119 1335 2155 sarebbe
1365 2122 1462 2154 stato
1489 2131 1570 2154 con-

98 2176 236 2211 sentito
254 2203 282 2218 ‚.
309 2196 353 2200 —
378 2188 480 2220 quom
506 2178 596 2210 nihil
621 2182 670 2211 est
698 2175 711 2189 ‘
731 2189 771 2212 or
796 2178 862 2212 ohe
889 2181 997 2213 avete
1023 2178 1274 2222 scialacquato
1301 2177 1328 2211 il
1360 2180 1481 2212 vostro
1508 2177 1571 2212 da-

96 2245 187 2269 naro
205 2261 234 2276 ,,
260 2234 324 2269 cfr.
342 2246 375 2268 v,
394 2235 462 2268 609
487 2237 525 2268 in
551 2247 590 2269 re
609 2237 766 2278 perdita.
793 2255 837 2260 —
949 2235 1044 2270 567.
1071 2238 1156 2280 quid
1173 2242 1293 2276 tecum,
1312 2238 1397 2270 sott.
1416 2237 1572 2279 loqueris

100 2289 115 2306 ⁸
132 2292 199 2327 che
226 2291 285 2326 vai
312 2292 559 2327 borbottando
578 2295 636 2327 tra
653 2295 690 2327 te
709 2320 737 2335 „.
764 2311 808 2316 —
905 2293 999 2327 568.
1026 2299 1126 2327 ante:
1152 2294 1214 2328 nei
1239 2305 1324 2327 mss.
1357 2299 1471 2335 antea,
1502 2293 1569 2329 che

97 2351 117 2385 e
142 2361 218 2385 una
241 2350 361 2385 forma
388 2362 463 2385 non
498 2351 572 2385 mai
606 2353 715 2386 usata
748 2351 796 2386 da
822 2352 966 2392 Plauto,
994 2363 1012 2386 e
1040 2352 1105 2386 che
1133 2351 1160 2385 s'
1174 2351 1344 2386 incontra
1369 2363 1443 2386 una
1468 2351 1572 2386 volta

96 2408 177 2443 sola
201 2407 241 2442 in
266 2408 454 2451 Terenzio,
481 2409 516 2443 al
541 2409 700 2444 termine
735 2410 822 2444 d'un
855 2409 1001 2444 senario
1033 2410 1232 2453 giambioo,
1257 2410 1370 2444 Andr.
1399 2411 1429 2452 1,
1457 2411 1487 2452 1,
1514 2411 1570 2444 25.

95 2486 142 2491 —
166 2477 246 2501 sero
273 2464 287 2479 ‘¹
304 2469 439 2511 troppo
465 2468 563 2502 tardi
585 2495 613 2510 „.
640 2488 684 2493 —
782 2468 876 2502 569.
902 2470 1204 2512 potvis=potestz
1236 2468 1299 2502 nei
1331 2480 1416 2504 mss
1454 2469 1485 2503 si
1522 2469 1571 2503 ha

96 2525 374 2569 propriamente
395 2531 505 2569 potes,
531 2526 594 2561 cfr.
621 2539 654 2560 n.
681 2526 736 2562 80.
762 2544 807 2548 —
890 2526 984 2560 572.
1003 2528 1109 2560 etiam
1127 2528 1280 2560 consulis
1308 2524 1322 2539 ⁸
1338 2527 1409 2561 siai
1436 2538 1572 2561 ancora.

95 2594 118 2618 a
143 2583 376 2619 considerare
393 2597 431 2628 ‚;
460 2584 523 2619 cfr.
550 2584 654 2629 Capt.
680 2586 712 2627 4,
732 2585 764 2627 2,
786 2585 850 2620 112
869 2586 1013 2619 dubium
1038 2586 1178 2619 habebis
1203 2587 1307 2620 etiam
1333 2591 1452 2620 sancte
1470 2598 1571 2629 quom
