1818 2973
579 106 797 134 Tnmvumvs
819 107 868 139 111,
891 95 924 138 3,
946 95 1079 131 59—84
1495 93 1557 130 101

202 191 277 231 Abi
305 187 358 231 ed
388 190 663 231 thensaurum
693 186 776 229 iem
803 188 1021 228 confestim
1049 185 1306 226 clnnculum:

203 263 365 313 Sernes,
395 266 568 306 ancillas
596 260 763 304 amena:
793 265 917 313 atque
945 257 1103 302 audin?
1157 263 1230 302 CA.
1248 260 1352 308 Quid
1382 262 1470 301 est?
1501 290 1534 312 ,ο

98 345 179 383 ΜΕ.
208 340 391 382 derem
419 352 583 392 quoque
610 341 740 392 ipsam
764 340 772 391 Ι
796 337 906 379 hunc
933 350 1024 379 rem
1052 338 1113 378 uti
1143 336 1252 379 celes
1280 337 1392 377 face:
1483 338 1561 376 800

201 419 306 457 Nam
336 416 403 469 pel
431 420 575 458 tacere
603 411 828 466 numquam
857 415 1118 465 quicquamst
1146 412 1251 465 qued
1282 415 1420 464 queat.

201 493 307 541 Quid
336 489 448 532 nunc
475 493 590 531 stas?
618 490 717 541 quin
746 492 791 529 tu
820 489 921 530 hinc
948 488 1118 529 &moues
1147 491 1189 529 et
1217 485 1259 529 te
1286 488 1456 528 moues?

202 563 341 620 Aperi,
371 569 567 618 deprome
596 566 691 605 inde
718 561 811 605 auri
841 564 891 604 ad
920 565 1033 604 hane
1061 575 1150 605 rem
1181 561 1288 614 qued
1316 565 1381 603 sat
1409 564 1492 603 est:

201 639 403 684 Continuo
431 644 591 692 operito
619 638 771 681 denuo:
801 641 873 680 sed
902 637 1153 687 clanculum,
1498 667 1533 689 75

201 715 317 759 Sicut
345 717 550 768 praecepi,
580 719 622 757 et
649 712 821 757 cunctos
849 716 1029 756 exturba
1057 712 1240 767 aedibus.
1482 714 1560 752 805

94 797 168 835 CA.
197 796 256 834 Ita
285 792 448 834 seciam.
503 794 586 832 ΜΕ.
614 794 667 831 At
695 792 805 832 enim
834 792 956 831 nimis
984 789 1105 842 lengo
1131 801 1323 831 sermone
1351 786 1532 829 utimur:

201 867 316 909 Diem
347 868 602 915 conficimus,
632 865 754 918 quem
783 867 865 907 iam
893 864 1155 917 properatest
1182 877 1297 917 opus.

200 944 316 984 Nihil
346 942 408 984 est
437 944 487 984 de
516 944 632 994 signo
660 942 766 993 qued
796 954 994 983 uereare:
1025 940 1090 982 me
1120 942 1227 982 uide.

201 1017 396 1070 Lepidest
422 1018 495 1058 illa
523 1030 662 1066 causa,
691 1022 738 1058 ut
766 1017 1102 1065 cemmemorauL
1131 1013 1272 1058 dicere
1502 1044 1536 1069 so

200 1096 321 1146 Apud
349 1093 570 1145 penit-ores
598 1091 688 1135 esse
716 1095 935 1145 inspectas.
990 1091 1176 1144 Denique
1484 1093 1562 1131 810

198 1167 287 1209 Diei
317 1172 481 1220 tempus
510 1168 589 1209 ndu
621 1170 767 1209 uides?
796 1169 893 1219 quid
922 1165 1039 1208 illurn
1069 1171 1189 1218 putas

198 1241 361 1285 Natura
389 1245 459 1284 illa
487 1248 614 1295 atque
642 1243 836 1296 ingenio?
865 1244 948 1283 iam
977 1244 1133 1283 dudum
1162 1242 1333 1284 ebriust.

199 1315 370 1368 Quiduis
398 1320 575 1371 probare
604 1318 779 1371 peterit:
807 1322 909 1367 tum,
940 1320 1047 1370 quod
1076 1317 1316 1367 maxumis&

95 1480 201 1516 fatto.
218 1498 260 1504 —
299 1479 393 1514 800.
412 1482 539 1524 ipsam,
554 1480 611 1516 coi
628 1492 735 1516 mser.
755 1491 774 1516 e
788 1491 856 1516 con
881 1480 969 1522 iato,
987 1491 1054 1524 per
1070 1492 1207 1525 eampse
1221 1480 1287 1515 che
1302 1478 1562 1516 sostituiscono

94 1537 122 1572 il
136 1537 352 1573 Fleckeisen
367 1550 385 1573 e
401 1538 427 1572 il
436 1539 590 1581 Ritsehl,
605 1539 739 1574 sull'es.
753 1539 814 1574 del
829 1539 939 1574 Poen.
955 1539 1022 1574 272
1039 1550 1058 1574 e
1071 1539 1171 1573 Pers.
1187 1538 1265 1574 603.
1284 1555 1325 1561 --
1351 1537 1437 1572 801.
1451 1544 1563 1582 queat,

94 1596 172 1631 cioe
205 1595 244 1630 la
276 1596 413 1639 moglie
449 1597 486 1630 di
521 1596 699 1632 Callicle:
731 1597 814 1632 altri
848 1598 977 1632 inveee
1016 1597 1237 1633 vorrebbero
1270 1596 1395 1632 riferir
1431 1598 1562 1641 questo

93 1653 205 1689 verbo
231 1654 303 1689 alle
329 1654 450 1689 donne
475 1654 515 1688 in
539 1654 725 1698 generale,
753 1666 771 1689 e
798 1655 922 1700 pereib
941 1655 1109 1691 scrivono
1127 1661 1254 1700 queant
1267 1666 1277 1698 3
1303 1666 1364 1689 ma
1387 1654 1417 1689 il
1441 1654 1564 1699 singo-

92 1710 170 1747 lare
196 1713 282 1747 vien
307 1712 394 1747 dato
420 1713 481 1747 dai
506 1713 740 1748 manoscritti
766 1724 785 1748 e
811 1725 884 1749 non
903 1713 936 1748 ci
953 1715 971 1748 e
990 1716 1106 1758 punto
1132 1714 1285 1757 ragione
1310 1713 1348 1748 di
1374 1712 1562 1748 alterarlo.

97 1789 133 1795 —
197 1769 292 1804 803.
319 1772 492 1814 deprome,
517 1782 593 1805 non
617 1771 681 1815 gia
706 1782 773 1816 per
799 1772 886 1806 dare
912 1772 940 1806 11
966 1772 1105 1807 danaro
1131 1771 1166 1806 al
1193 1771 1385 1813 sicofante,
1410 1782 1471 1806 ma
1495 1782 1563 1816 per

90 1828 234 1864 benerlo
260 1830 392 1873 pronto
419 1829 465 1863 ad
491 1828 579 1872 ogni
604 1829 851 1865 eventualita:
877 1829 904 1864 il
931 1829 1111 1865 sicofante
1148 1841 1223 1864 non
1259 1830 1402 1865 doveva
1438 1839 1563 1864 conse-

91 1898 207 1931 gnare
233 1887 328 1921 altro
354 1887 420 1922 che
446 1887 483 1921 la
507 1887 654 1922 lettera.
686 1903 732 1908 —
827 1887 922 1922 805.
956 1890 1125 1932 praecepi
1149 1893 1181 1922 et
1204 1887 1267 1923 nei
1292 1887 1410 1923 codici
1435 1889 1455 1923 e
1480 1887 1562 1923 fuso

91 1955 158 1988 per
183 1955 306 1980 errore
331 1944 370 1978 in
392 1948 584 1989 praecepit.
610 1964 655 1970 —
705 1945 800 1991 806.
827 1951 864 1980 at
888 1948 992 1987 enim,
1011 1946 1074 1981 cfr.
1093 1958 1127 1980 n.
1147 1946 1225 1981 705.
1252 1962 1296 1968 —
1345 1944 1442 1980 807.
1459 1957 1561 1989 quom

92 2003 111 2037 ὲ
136 2002 274 2038 dovuto
301 2013 323 2037 a
346 2002 672 2038 un'emendazione
700 2003 760 2038 del
785 2003 1003 2039 Fleckeisen
1020 2004 1082 2048 pel
1108 2005 1199 2048 quod
1224 2004 1290 2039 che
1316 2003 1347 2038 si
1372 2004 1480 2047 legge
1498 2003 1560 2038 nei

92 2060 221 2095 codici.
252 2080 288 2085 —
341 2059 437 2094 808.
463 2073 515 2095 me
540 2062 616 2095 vide
644 2059 657 2074 ‘⁴
680 2061 784 2096 fidati
810 2062 848 2096 in
874 2073 945 2105 me,
964 2062 1108 2097 affidati
1127 2074 1148 2097 a
1165 2073 1223 2097 me
1246 2089 1273 2105 „.
1300 2082 1345 2087 —
1395 2061 1490 2096 809.
1508 2063 1559 2096 di-

91 2130 168 2153 cere
192 2119 212 2153 e
237 2118 473 2162 apposizione
499 2119 537 2152 di
562 2120 626 2152 illa
651 2131 778 2160 causa;
806 2120 869 2154 cfr.
894 2132 930 2154 n.
948 2120 1027 2155 259.
1054 2138 1098 2143 —
1123 2122 1242 2164 lepida
1271 2119 1284 2133 ⁸
1306 2120 1417 2162 bella,
1436 2119 1474 2154 di
1503 2131 1559 2154 su-

90 2187 221 2221 prema.
233 2176 465 2220 importanza
479 2204 506 2218 „
526 2176 588 2210 cfr.
603 2189 639 2210 n.
659 2177 737 2211 379.
753 2194 795 2199 -—
821 2177 906 2212 810.
923 2180 1019 2221 apud
1042 2189 1118 2213 non
1142 2179 1180 2213 fa
1205 2178 1404 2222 posizione.
1421 2189 1560 2222 —por·

91 2237 224 2277 titores,
243 2234 306 2269 cfr.
326 2235 404 2269 794.
422 2251 467 2257 —
525 2233 601 2268 811.
620 2236 705 2278 quid
722 2236 824 2268 illum
836 2241 956 2279 putas,
974 2236 1053 2270 scil.
1071 2238 1189 2280 facere
1204 2250 1211 2271 :
1244 2234 1257 2248 ⁸
1275 2237 1315 2271 in
1333 2236 1442 2280 quale
1460 2238 1559 2272 stato

92 2292 199 2335 pensi
216 2292 282 2327 che
302 2292 376 2336 egli
395 2292 425 2326 si
443 2292 542 2327 trovi
554 2292 571 2326 ⁸?
589 2320 602 2334 ‚‚
619 2305 626 2333 ;
654 2293 716 2327 cfr.
736 2293 867 2327 Bacch.
883 2293 915 2335 2,
934 2293 967 2334 2,
985 2294 1029 2328 30
1047 2300 1084 2328 ut
1101 2306 1177 2328 eam
1195 2296 1339 2328 credis?
1354 2294 1459 2329 Cure.
1474 2295 1509 2336 4,
1528 2295 1559 2336 1,

93 2349 138 2383 59
154 2355 192 2384 ut
207 2352 308 2385 illam
325 2353 472 2385 censes?
491 2370 527 2375 —
581 2350 666 2386 813.
688 2352 845 2395 probare
873 2349 886 2364 ⁸
908 2351 1020 2395 fargli
1038 2352 1187 2387 credere
1210 2364 1244 2395 ,z
1270 2352 1298 2386 il
1323 2354 1495 2397 soggetto
1520 2353 1559 2387 di

85 2409 222 2451 poterit
245 2410 265 2443 e
288 2409 316 2443 il
341 2409 533 2451 sicofante,
549 2409 642 2444 acui
658 2411 676 2444 e
692 2409 835 2444 riferito
854 2411 959 2445 tanto
985 2410 1014 2444 il
1039 2412 1154 2445 dicere
1179 2410 1239 2445 del
1264 2423 1297 2446 v.
1324 2410 1392 2447 809
1417 2414 1558 2456 quanto

88 2464 118 2500 il
143 2467 233 2501 dicet
257 2466 317 2501 del
342 2479 375 2502 v,
399 2469 480 2503 814.
507 2488 551 2492 —
576 2471 778 2510 maxumist,
805 2468 883 2502 soil.
903 2470 1088 2512 ponderis,
1118 2468 1175 2504 coi
1200 2481 1318 2511 mser„
1343 2480 1410 2514 per
1434 2482 1558 2505 macnu—

90 2530 218 2559 mumst
243 2525 304 2560 del
322 2526 482 2560 Merula:
516 2526 648 2570 poiche
680 2527 711 2560 si
736 2528 895 2561 tratter’a
921 2526 958 2560 di
983 2527 1148 2562 rieevere
1175 2527 1331 2572 qualche
1361 2539 1458 2569 cosa,
1482 2539 1558 2563 non

89 2582 205 2618 undrim
228 2583 268 2618 in
293 2595 399 2619 cerea
423 2585 461 2619 di
486 2587 590 2620 tante
629 2584 821 2625 difficoltiffi
847 2586 985 2628 quante
1011 2596 1050 2620 sa
1076 2587 1250 2622 trovarne
1287 2586 1349 2622 nel
1386 2587 1487 2622 dare.
1513 2605 1557 2612 -
