1872 2968
265 105 309 140 10
851 114 890 138 Μ.
916 114 997 138 Acct
1020 113 1153 139 PLAu'rl

371 191 670 245 Concsstigaho
698 191 775 245 pro
801 193 1047 233 commerita
1074 191 1219 232 noxia:

368 265 540 315 Inuitus,
570 269 611 307 ni
640 270 681 307 id
711 279 776 308 me
804 263 955 307 inuitet
985 270 1030 306 ut
1058 266 1207 306 faciem
1239 266 1351 307 fides.
1470 303 1472 305 .
1690 294 1706 318 ⁵

370 345 476 383 Nam
507 343 575 383 hic
604 339 778 381 nimium
807 343 976 381 morbus
1005 339 1140 381 mores
1167 337 1322 380 inuasit
1351 342 1499 381 bonos:

263 497 304 533 in
329 500 425 532 -bilis
449 508 537 532 sono
564 496 660 533 assai
687 496 873 540 frequenti
897 496 937 530 in
962 496 1117 530 Plauto:
1145 495 1209 530 cfr.
1237 497 1372 529 utibilis
1397 495 1461 538 pin
1478 495 1543 538 gisl
1560 506 1580 529 e
1597 495 1637 529 in
1653 494 1731 529 Mil.

265 557 343 591 613.
361 577 402 580 -—
420 557 514 589 Nam
530 567 604 589 non
617 555 666 589 ha
675 555 954 598 propriamente
971 554 1010 588 in
1028 556 1159 598 questo
1177 554 1287 597 luogo
1306 553 1514 596 significato
1533 552 1732 593 causale,

263 626 338 649 non
363 624 467 649 serve
493 613 571 647 cioe
599 624 620 646 a
643 623 800 657 provare
825 613 863 646 la
887 612 1007 647 verita
1032 612 1093 646 del
1117 612 1287 656 pensiero
1315 611 1510 646 enunziato
1535 610 1735 654 preceden-

264 674 440 713 temente,
466 682 528 705 ma
553 671 600 705 ad
627 682 786 714 esporre,
812 682 878 715 per
903 673 979 705 cosi
1005 670 1096 710 dire,
1121 660 1134 704 1
1159 669 1291 704 motivi
1317 669 1456 704 esterni
1483 669 1530 703 da
1555 668 1614 703 cui
1631 668 1733 712 quel-

264 729 548 764 l'affermazione
574 731 593 763 8
619 731 720 763 stata
755 729 1017 770 determinata,
1043 729 1057 762 i
1081 728 1299 763 sentimenti
1325 728 1372 762 da
1398 728 1456 762 cui
1482 728 1505 762 l'
1521 726 1646 761 animo
1671 725 1734 760 del

264 788 414 823 vecchio
441 789 460 822 8
486 788 630 830 agitato
654 788 716 821 nel
742 786 1014 831 pronunziarla.
1040 785 1126 830 Egli
1152 786 1237 820 vuol
1263 786 1342 820 dire
1368 797 1390 820 a
1415 798 1465 819 un
1490 785 1668 829 dipresso,
1686 784 1732 818 ri·

264 845 482 889 volgendosi
507 846 583 889 agli
608 846 829 889 spettatori:
867 845 928 880 voi
952 856 1027 879 non
1053 845 1185 879 dovete
1211 843 1491 887 maravigliarvi
1516 843 1555 877 di
1579 843 1636 878 cio
1665 843 1732 878 che

265 905 358 946 dico,
383 904 544 948 perche
571 903 623 937 mi
648 906 754 937 trovo
781 903 867 946 oggi
892 905 1058 946 appunto
1073 901 1174 935 nella
1198 901 1383 936 necessita
1407 901 1444 935 di
1471 912 1544 936 ecc.
1570 901 1641 936 Cfr.
1666 912 1734 945 per

264 974 314 996 un
339 974 404 997 uso
429 961 593 997 identico
620 961 680 995 del
706 973 800 1002 nam,
827 960 1030 1004 adoperato
1055 960 1095 993 in
1121 969 1223 993 mera
1248 959 1489 993 oonnessione
1525 958 1734 1001 ideologica

264 1020 321 1056 col
346 1020 516 1064 pensiero
543 1019 779 1063 precedente,
799 1017 903 1062 Capt.
928 1019 1008 1059 464,
1036 1017 1132 1052 Men.
1161 1018 1190 1059 1,
1219 1018 1249 1060 1,
1275 1017 1320 1051 20
1347 1028 1365 1051 e
1385 1016 1474 1051 Cist.
1502 1017 1531 1058 1,
1558 1016 1590 1058 2,
1615 1017 1648 1051 5.
1673 1016 1734 1050 Al-

262 1082 366 1114 trove
392 1079 421 1113 il
446 1078 616 1122 pensiero
643 1077 675 1111 si
699 1080 807 1112 trova
833 1088 998 1121 espresso
1033 1087 1141 1110 senza
1178 1075 1368 1110 sottintesi
1395 1086 1413 1109 e
1439 1074 1478 1109 in
1514 1074 1634 1109 forma
1668 1074 1734 1119 pin

263 1138 472 1182 completa:
511 1137 574 1171 cfr.
600 1137 647 1171 ad
674 1147 722 1170 es.
749 1136 881 1170 Bacch.
908 1136 939 1176 3,
967 1136 999 1175 2,
1025 1135 1046 1168 3
1072 1137 1109 1168 id
1133 1146 1243 1177 opera
1279 1139 1446 1177 expertus
1476 1145 1556 1167 sum
1585 1145 1658 1167 esse
1681 1135 1734 1167 ita
1770 1166 1773 1167 γ

264 1209 283 1233 8
309 1197 408 1231 Trin.
437 1196 538 1230 1054.
564 1185 593 1228 Ε
619 1194 715 1229 assai
741 1194 884 1228 curioso
910 1196 1051 1234 notare,
1079 1193 1145 1227 che
1163 1194 1269 1226 tanto
1288 1192 1463 1226 Cicerone
1481 1192 1543 1225 nel
1561 1202 1626 1226 suo
1643 1192 1733 1225 trat-

261 1257 341 1290 tato
368 1256 409 1288 de
429 1250 632 1287 'inventione
659 1254 689 1293 1,
716 1252 771 1293 50,
799 1253 852 1291 95,
869 1253 1009 1294 quanto
1035 1251 1201 1284 l'Auctor
1226 1250 1273 1284 ad
1298 1249 1538 1291 Herennium,
1556 1249 1588 1289 2,
1602 1248 1660 1292 23,
1677 1248 1733 1290 35,

262 1325 328 1358 per
353 1324 426 1348 non
460 1323 548 1346 aver
585 1313 781 1355 penetrato
819 1310 846 1343 11
880 1310 1088 1352 significato
1116 1319 1134 1343 e
1158 1309 1187 1342 il
1213 1308 1337 1342 valore
1370 1307 1513 1351 preciso
1540 1307 1577 1341 di
1603 1308 1734 1350 questo

262 1383 357 1413 nam,
394 1370 635 1405 considerano
662 1369 676 1402 i
701 1368 812 1412 primi
850 1369 999 1411 quattro
1039 1366 1136 1401 versi
1165 1367 1202 1400 ch·
1231 1368 1365 1410 questa
1399 1376 1510 1400 scena
1543 1375 1647 1398 come
1683 1375 1734 1398 un

263 1428 428 1473 esempio
453 1428 491 1462 di
517 1430 610 1462 ratio
637 1429 763 1461 vitiosa
788 1431 818 1460 et
844 1428 998 1467 infirma.
1028 1442 1070 1447 -—
1121 1423 1186 1457 26.
1214 1425 1417 1458 commerita
1442 1424 1572 1457 noxia:
1608 1422 1672 1457 cfr.
1698 1421 1736 1456 la.

262 1487 494 1533 espressione
520 1486 678 1529 analoga
703 1485 764 1519 dei
792 1484 897 1528 Capt.
923 1484 991 1517 400
1018 1494 1036 1517 e
1063 1482 1236 1517 dell'Aul.
1275 1483 1339 1516 711
1380 1483 1583 1515 commerita
1618 1481 1734 1523 culpa.

262 1546 300 1580 Si
317 1545 398 1581 noti
416 1556 551 1580 ancora
568 1542 870 1578 l'allitterazionc
889 1542 926 1576 di
944 1543 1146 1575 commerita
1166 1552 1233 1575 con
1252 1540 1506 1582 concastiqabo.
1523 1558 1569 1563 —
1598 1536 1664 1572 27.
1682 1541 1735 1570 iu·

263 1607 354 1638 vitus
380 1607 418 1637 m'
443 1606 564 1637 invitet
591 1616 635 1629 Ξ
659 1604 793 1635 invitus
817 1602 923 1643 facio,
948 1611 1056 1643 neque
1079 1601 1214 1641 faciam
1239 1600 1279 1631 ni
1302 1600 1434 1631 inritet.
1453 1595 1524 1631 Cfr.
1542 1595 1620 1630 Liv.
1640 1595 1670 1637 1,
1688 1594 1734 1629 40

262 1665 453 1706 imperium
479 1663 651 1705 deponere
676 1672 753 1693 eum
778 1662 961 1713 'inqctnimo
987 1659 1151 1691 habuisse
1175 1658 1321 1700 quidam
1347 1659 1607 1694 auctores-sunt
1634 1651 1735 1695 (sott.

263 1727 299 1755 et
335 1719 651 1764 deposuisset),
691 1720 730 1752 ni
763 1719 875 1751 scelus
908 1719 1116 1750 intestinum
1149 1715 1404 1748 intervenisset.
1447 1713 1482 1746 Si
1521 1711 1602 1747 noti
1646 1711 1669 1745 Γ
1685 1710 1736 1745 al·

260 1779 495 1814 litterazioue
522 1778 559 1811 di
583 1778 717 1819 faciam
744 1788 811 1810 con
835 1777 930 1817 fides,
959 1786 977 1808 8
996 1775 1226 1817 soprattutto
1266 1772 1304 1805 di
1337 1773 1470 1804 invitus
1510 1781 1578 1804 con
1602 1771 1739 1810 invita,

263 1838 300 1872 la
325 1837 436 1881 quale
461 1838 480 1871 8
506 1838 612 1870 tanto
650 1835 715 1878 pin
749 1834 898 1869 efficace
923 1833 962 1866 in
988 1834 1128 1876 quanto
1154 1831 1191 1864 la
1218 1829 1461 1872 somiglianza
1486 1828 1546 1862 dei
1571 1827 1678 1863 suoni
1704 1826 1736 1860 si

263 1896 470 1939 congiunge
496 1894 535 1928 in
561 1895 692 1937 questo
718 1893 829 1935 luogo
857 1891 893 1925 al
919 1890 1104 1933 singolare
1132 1890 1318 1923 conti-asto
1346 1887 1412 1921 che
1439 1886 1471 1920 ci
1497 1888 1517 1920 8
1541 1888 1601 1920 tra
1624 1885 1638 1919 i
1664 1885 1734 1918 due

263 1953 437 1998 pensieri.
475 1952 524 1986 Le
551 1950 828 1990 allitterazioni,
854 1950 889 1984 le
916 1958 1127 1989 assonanze,
1154 1947 1188 1980 18
1214 1944 1475 1989 paronomasie
1501 1954 1521 1978 e
1546 1943 1559 1977 i
1584 1942 1735 1986 giuochi

264 2011 301 2045 di
327 2011 454 2055 parole
480 2020 568 2043 sono
585 2020 659 2042 una
677 2008 774 2042 delle
792 2007 858 2051 pin
876 2006 995 2040 sicure
1015 2003 1311 2038 caratteristiche
1331 2002 1430 2036 dello
1449 2002 1535 2036 stiIe
1553 2001 1736 2045 plautino:

263 2069 319 2111 28,
359 2069 436 2111 162,
475 2068 552 2108 309,
591 2067 668 2106 316,
700 2066 779 2106 379,
806 2065 884 2105 380,
911 2065 990 2100 490,
1017 2062 1096 2103 658,
1125 2062 1203 2102 757,
1230 2062 1308 2104 777,
1334 2061 1414 2103 821,
1440 2061 1519 2101 829,
1546 2059 1626 2100 830,
1652 2053 1734 2102 833,

267 2127 367 2169 1008,
396 2127 496 2161 1015.
522 2146 567 2151 ——
617 2124 683 2158 28.
710 2125 767 2157 hic
796 2121 809 2135 '⁴
831 2123 895 2167 qui
918 2150 946 2164 „,
973 2122 1036 2156 cfr.
1064 2121 1120 2161 32,
1139 2120 1194 2161 34,
1210 2120 1288 2154 cioe
1306 2119 1346 2152 in
1364 2119 1491 2159 Roma,
1511 2117 1643 2161 poiche
1662 2127 1736 2151 non

265 2186 302 2220 vi
327 2186 376 2220 ha
401 2185 538 2220 dubbio
565 2184 630 2218 che
657 2183 696 2217 in
722 2184 824 2217 tutta
849 2183 983 2224 questa
1009 2179 1199 2214 cantilena
1228 2178 1265 2211 vi
1299 2177 1355 2211 sia
1379 2188 1454 2210 una
1479 2176 1619 2210 diretta
1644 2174 1737 2209 allu-

265 2245 368 2280 sione
394 2255 416 2278 a
441 2243 599 2278 costumi
625 2241 781 2276 romani.
808 2238 984 2274 Terenzio
1011 2238 1041 2271 si
1068 2237 1256 2279 distingue
1283 2235 1398 2269 anche
1419 2237 1516 2269 sotto
1542 2234 1579 2268 di
1605 2234 1736 2277 questo

266 2303 423 2346 rispetto
461 2303 508 2336 da
545 2301 689 2341 Plauto,
729 2299 865 2344 perche
895 2309 970 2332 non
995 2296 1026 2330 si
1052 2295 1213 2340 permise
1243 2293 1319 2328 mai
1342 2296 1450 2327 tanta
1475 2292 1614 2326 liberte,
1637 2290 1737 2326 nelle

266 2372 330 2395 sue
368 2360 584 2395 commedie.
615 2377 658 2381 -
686 2361 836 2392 nimium
873 2357 1005 2390 invasit
1031 2356 1049 2389 e
1075 2365 1149 2388 una
1186 2352 1285 2387 delle
1310 2351 1419 2386 solite
1452 2349 1612 2394 iperboli
1637 2348 1738 2384 della

266 2419 397 2463 lingua
421 2419 610 2462 popolare,
637 2418 675 2451 la
699 2416 808 2460 quale
843 2414 956 2450 tende
995 2423 1140 2456 sempre
1176 2411 1223 2445 ad
1248 2420 1436 2445 accrescer
1472 2409 1507 2443 18
1533 2409 1630 2443 tinte
1657 2418 1676 2442 8
1700 2407 1737 2441 18

266 2476 479 2521 gradazioni
506 2475 564 2509 del
591 2474 786 2519 pensiero3
824 2473 888 2508 cfr.
918 2471 1007 2505 1060
1033 2472 1183 2504 nimium
1221 2470 1382 2509 saeviter,
1409 2467 1455 2501 34
1480 2468 1591 2500 nimio
1617 2465 1738 2508 pluris

265 2537 407 2578 faciunt
423 2547 468 2560 =
485 2535 593 2567 multo
614 2535 748 2576 pluris,
763 2531 853 2566 1139
873 2531 980 2564 nimis
992 2528 1265 2572 peryraphicus,
1282 2526 1348 2560 931
1368 2527 1518 2558 nimium
1535 2523 1738 2557 mirimodis

267 2593 459 2634 mirabiles,
486 2602 505 2627 e
532 2591 605 2626 Cio.
632 2590 734 2625 Verr.
753 2590 785 2632 4,
807 2589 872 2623 132
890 2590 974 2623 haec
991 2588 1146 2630 artificia
1166 2586 1320 2619 Graecos
1337 2584 1493 2617 homines
1509 2583 1618 2616 nimio
1635 2591 1740 2624 opere
