1872 2968
297 77 343 112 26
882 90 922 114 M.
945 90 1028 114 Accr
1052 89 1185 115 PLAUTI

403 169 478 210 Ille
504 164 575 220 qui
602 169 817 209 mandauit
845 181 943 209 eum
970 168 1205 210 exturbasti
1234 183 1291 212 ex
1324 169 1528 213 aedibus?

404 243 556 295 Edepol
586 245 825 284 mandatum
853 240 1000 294 plilcre
1027 247 1069 285 et
1096 234 1292 286 curatfim
1320 239 1479 298 probed,

403 319 536 360 Crede
564 314 664 359 huic
692 319 884 371 tutelam:
913 318 1031 360 suem
1059 331 1150 360 rem
1179 322 1329 361 melius
1355 320 1541 373 gesserit.

298 396 371 434 CA.
399 390 560 445 Subfgis
580 383 896 435 maledictieime
916 395 1011 442 tuis,
1034 395 1335 447 Megaronides,
1689 402 1766 440 140

403 468 520 509 Nouo
548 470 667 509 modo
695 469 798 510 adeo
826 472 874 509 ut
901 469 1007 520 quod
1039 481 1156 511 meae
1185 470 1512 512 concreditumst

402 540 695 584 Tacitfirnitati
723 543 845 591 clem,
875 545 956 585 fide
984 548 1027 586 et
1056 543 1247 593 fidt'lciae,

402 621 465 660 Ne
491 615 756 659 enfintiarem
779 615 1008 670 ‘quoiquam
1037 632 1119 662 neu
1149 620 1330 661 facerem
1352 623 1503 673 palam,

1690 203 1740 227 100

1689 579 1738 602 105

297 777 319 799 a
345 764 451 799 Festo
477 776 512 808 p.
541 763 618 806 107,
645 766 684 798 in
708 763 828 808 piglia
851 765 977 800 valore
1003 765 1179 809 negativo
1205 765 1366 802 soltanto
1384 767 1422 801 in
1441 767 1576 803 unione
1602 768 1660 804 coi
1684 780 1765 813 par—

295 822 402 866 ticipi
428 833 447 856 e
473 821 571 865 cogli
597 821 794 866 aggetfiivi.
820 822 892 857 Ora
910 823 972 857 dal
990 823 1197 867 significato
1215 824 1492 860 fondamentale
1510 826 1548 860 dj
1576 828 1766 862 conciliare

299 878 312 893 ¹¹
335 880 475 915 riunire
494 908 507 923 „
529 880 560 914 si
578 880 741 915 svolsero
755 880 795 914 in
810 879 929 915 larino
954 880 1009 923 gli
1035 881 1121 915 altri
1139 882 1210 916 due
1236 883 1428 917 secondari
1443 883 1481 917 di
1508 882 1521 896 ⁴⁶
1540 895 1730 928 comprare
1748 913 1762 928 „

296 950 506 983 comparare
541 939 638 973 Fest.
679 939 744 973 107
781 937 859 980 (cfr,
898 938 1000 972 Trin.
1031 938 1099 973 856
1138 950 1157 974 e
1194 938 1301 983 Epid.
1341 940 1373 981 3,
1398 941 1432 981 4,
1458 941 1502 975 36
1535 944 1767 978 conciliavi-sti

293 996 429 1040 pulcre)
455 1007 475 1031 e
500 996 539 1030 di
567 994 580 1008 ⁶
603 996 835 1040 aecoppiare,
862 996 920 1030 far
945 996 992 1030 da
1017 996 1174 1032 ruffiano
1200 999 1259 1031 tra
1284 998 1354 1032 due
1381 1009 1549 1042 persone,
1575 999 1727 1035 sedurre
1749 1027 1763 1043 ‚,

293 1053 372 1097 (cfr.
398 1055 628 1089 conciliatrix
652 1054 730 1088 Mil.
749 1055 781 1096 5,
809 1055 851 1089 17
882 1052 894 1066 “
917 1055 955 1088 la
980 1065 1153 1089 mezzana
1173 1082 1202 1098 ,,,
1229 1056 1306 1096 che,
1333 1057 1490 1091 secondo
1516 1057 1623 1092 Festo
1649 1069 1684 1102 p.
1710 1058 1767 1100 62,

294 1114 313 1147 ὲ
341 1112 619 1157 propriamente
645 1112 740 1147 colei
765 1124 852 1156 quae
877 1114 968 1147 viris
993 1109 1161 1147 conciliat
1182 1125 1311 1147 uxores
1335 1119 1367 1148 et
1396 1116 1568 1148 uxoribus
1593 1113 1712 1158 viros).
1737 1107 1766 1151 Ε

293 1172 459 1215 appunto
485 1181 507 1205 a
524 1172 655 1215 questo
681 1170 840 1205 secondo
859 1169 1068 1214 significato
1087 1170 1214 1206 affatto
1239 1171 1418 1215 popolare
1444 1172 1510 1207 che
1536 1172 1567 1207 si
1593 1175 1766 1209 nonnette

293 1229 554 1263 l'inconciliare
576 1227 801 1272 plautino,il
820 1228 928 1271 quale
954 1228 1071 1263 molto
1097 1228 1398 1273 probabilmente
1424 1231 1532 1265 vorre.
1557 1230 1766 1274 significare

295 1285 309 1300 '⁶
331 1286 502 1322 rovinare
529 1298 600 1321 uno
625 1286 837 1330 facendogli
863 1286 911 1321 da
937 1298 1118 1328 mezzano,
1145 1287 1317 1322 rovinare
1342 1299 1409 1331 per
1426 1288 1488 1323 via
1515 1288 1709 1333 d'intrighi
1731 1300 1767 1331 ,ε

291 1346 401 1381 Festo
426 1357 461 1390 p.
490 1345 610 1380 10710
637 1345 767 1389 spiega
784 1345 849 1388 pii]
872 1345 1177 1388 semplicemente
1205 1345 1300 1380 colla
1325 1346 1423 1380 frase
1446 1358 1512 1389 per
1536 1347 1656 1380 dolum
1679 1349 1766 1381 deci·

289 1415 383 1447 pere.
411 1402 548 1445 Questo
574 1402 784 1446 significato
811 1402 841 1437 si
868 1402 1051 1437 riscontra
1076 1414 1232 1446 sempre,
1248 1403 1313 1447 pin
1328 1414 1470 1438 omeno
1485 1405 1692 1445 attenuato,
1705 1404 1767 1439 nei

293 1461 464 1505 seguenti
489 1460 618 1504 luoghi
644 1460 830 1504 plautini:
857 1460 966 1494 Most.
993 1460 1025 1502 3,
1054 1462 1084 1502 1,
1111 1461 1154 1495 85
1184 1473 1227 1495 ne
1251 1463 1484 1496 inconciliare
1508 1459 1538 1500 (⁸⁶
1559 1462 1698 1497 crearci
1715 1462 1768 1497 di·

292 1519 420 1559 sturbi,
446 1519 535 1562 guai
558 1517 587 1561 ,,)
612 1520 698 1562 qnid
722 1529 786 1552 nos
807 1529 921 1561 porro
943 1520 1111 1562 postules,
1130 1518 1228 1553 Pers.
1255 1519 1286 1560 5,
1314 1519 1348 1560 2,
1374 1519 1418 1553 53
1444 1524 1475 1553 et
1500 1531 1552 1553 me
1575 1521 1674 1553 haud
1689 1530 1767 1562 par

293 1582 341 1610 est
364 1576 476 1617 (hunc
501 1576 716 1615 ludificare).
747 1578 859 1610 Credo
884 1578 968 1620 quia
986 1587 1056 1610 non
1081 1577 1289 1610 inconciliat
1311 1574 1343 1617 (¹⁶
1364 1576 1402 1610 fa.
1426 1576 1585 1619 intrighi
1606 1575 1648 1618 „),
1664 1588 1766 1620 quom

291 1640 323 1669 te
347 1647 430 1675 emo,
451 1634 582 1669 Bacch.
598 1634 629 1675 3,
644 1635 676 1670 6.
695 1634 739 1668 22
765 1635 825 1667 ille
849 1636 941 1678 quod
965 1636 1004 1667 in
1021 1646 1057 1668 se
1072 1635 1145 1676 fuit
1162 1638 1369 1668 accuratum
1386 1635 1518 1674 habuit,
1537 1636 1628 1678 quod
1647 1637 1767 1677 posset

291 1694 378 1726 mali
394 1694 526 1735 faceret
551 1704 613 1732 me,
639 1693 886 1726 inconciliaret
908 1689 941 1733 (¹¹
964 1692 995 1727 si
1014 1691 1297 1736 impossessasse
1317 1691 1347 1733 „)
1373 1695 1494 1735 copias
1519 1694 1634 1726 omnis
1660 1703 1766 1726 meas·

292 1771 338 1775 —
386 1750 472 1784 137.
490 1752 550 1784 ille
567 1753 628 1794 qui
652 1750 689 1785 fa
715 1749 749 1784 le
776 1749 857 1784 veci
871 1749 909 1784 di
934 1751 1037 1784 illum
1062 1751 1132 1793 qui,
1146 1750 1190 1784 ed
1209 1751 1227 1784 e
1254 1749 1391 1784 dovuto
1417 1749 1688 1784 all’attrazione
1706 1748 1767 1784 del

292 1819 469 1852 pronome
496 1808 665 1848 relativo,
692 1808 758 1843 che
777 1808 825 1842 ha
851 1807 1057 1843 assimilato
1096 1818 1118 1842 a
1155 1809 1193 1842 se
1231 1807 1259 1841 11
1297 1818 1381 1842 caso
1419 1806 1766 1849 deu'anteeedente,

293 1866 425 1910 poiche
451 1866 478 1900 11
504 1867 626 1905 verbo,
647 1878 669 1901 a
683 1865 742 1901 cui
760 1868 892 1910 questo
919 1865 950 1901 si
968 1865 1146 1908 riferisce,
1166 1866 1320 1900 essendo
1345 1868 1561 1909 posposto
1587 1865 1663 1900 alla
1685 1875 1767 1908 pro·

292 1924 480 1968 posizione
506 1924 676 1965 relativa,
704 1926 766 1968 agi
791 1935 901 1967 sopra
926 1923 964 1957 di
990 1934 1069 1958 esso
1100 1934 1168 1958 con
1194 1923 1316 1957 minor
1352 1923 1475 1963 sorza;
1501 1923 1564 1957 cfr.
1589 1935 1625 1956 n.
1651 1922 1719 1957 985
1745 1933 1766 1958 e

293 1982 396 2017 Curc-
422 1983 490 2017 419
516 1985 623 2016 istum
659 1994 759 2026 quem
792 1984 936 2026 quaeris
969 1993 1028 2024 eqo
1053 1993 1141 2021 sum,
1168 1980 1274 2025 Epid.
1292 1980 1371 2021 448,
1399 1981 1507 2016 Most.
1533 1981 1602 2015 250
1634 1982 1765 2015 mulier

293 2053 380 2085 quae
396 2053 432 2075 se
448 2052 616 2084 suamque
640 2046 786 2074 aetatem
804 2042 943 2084 spernit
959 2040 1098 2083 speculo
1125 2041 1156 2072 ei
1182 2051 1267 2073 usus
1284 2044 1344 2073 est.
1374 2056 1408 2061 —
1441 2040 1698 2073 exturbasti=
1711 2050 1767 2072 ex-

292 2090 490 2133 tuo-baetim
503 2098 559 2134 col
578 2109 690 2142 segno
705 2097 1089 2141 dell'interrogazione
1106 2108 1259 2138 omesso,
1278 2097 1413 2141 perche
1431 2097 1589 2141 precede
1606 2096 1768 2131 un’altra

292 2157 598 2201 interrogazione.
618 2156 690 2191 Cfr.
704 2156 809 2201 Capt.
831 2157 860 2195 1,
876 2156 907 2190 2.
923 2156 967 2190 36
981 2167 1085 2199 eqone
1101 2157 1203 2189 illum
1222 2167 1291 2189 non
1307 2157 1409 2198 fleam
1424 2159 1442 2189 ?
1456 2168 1514 2199 eyo
1528 2167 1600 2190 non
1622 2156 1767 2198 defleam

295 2217 398 2250 talem
423 2216 703 2249 adulescentem?
726 2230 770 2234 —
858 2213 945 2247 138.
965 2215 1094 2257 pulcre
1119 2215 1137 2248 e
1165 2214 1367 2257 adoperato
1405 2213 1444 2248 in
1481 2225 1588 2249 senso
1614 2212 1766 2254 ironico,

294 2273 356 2307 cfr.
384 2273 462 2307 Mil.
487 2273 567 2308 404.
595 2290 638 2295 —
687 2271 772 2305 139,
801 2274 901 2306 crede
926 2283 1072 2307 assume
1097 2284 1148 2306 un
1174 2271 1384 2315 significato
1410 2282 1522 2306 ancor
1546 2271 1612 2316 pii1
1647 2283 1766 2306 sarca-

293 2331 396 2372 stico,
422 2331 557 2366 rivolto
595 2331 710 2366 com'e
749 2342 771 2365 a
796 2342 971 2374 persona·
990 2330 1211 2365 indefinita:
1240 2329 1252 2342 “
1279 2330 1391 2364 affida
1415 2341 1505 2373 pure
1544 2341 1566 2364 a
1598 2329 1716 2365 coetui
1736 2355 1766 2372 ,.

295 2389 365 2424 Cfr.
381 2389 462 2423 Ter.
489 2389 593 2424 Adel.
620 2389 688 2423 372
713 2391 796 2423 huic
821 2391 966 2422 mandes
990 2390 1110 2432 siquid
1137 2393 1224 2422 reste
1249 2393 1413 2422 curatum
1438 2389 1533 2422 velis.
1563 2408 1600 2413 —
1629 2389 1765 2428 melius,

294 2449 379 2482 sott.
405 2458 509 2491 quam
539 2449 690 2482 alterius
715 2459 790 2481 rem
815 2448 884 2481 sibi
900 2448 1117 2480 mandatam.
1149 2463 1184 2468 —
1211 2449 1360 2489 gesserit
1386 2447 1405 2480 e
1431 2458 1481 2480 un
1507 2457 1612 2489 cong.
1637 2446 1765 2490 poten-

295 2505 399 2546 ziale,
426 2506 489 2539 cfr.
516 2505 593 2539 Mil.
620 2506 698 2539 690.
726 2525 771 2529 —-
820 2504 906 2538 143.
932 2517 976 2538 ne
1000 2504 1160 2549 dipende
1186 2504 1232 2538 da
1258 2506 1539 2538 concredr'tzmmt.
1565 2503 1594 2538 Il
1620 2505 1765 2546 segreto

294 2563 347 2614 gli
373 2573 436 2599 era
460 2565 558 2598 stato
585 2563 767 2603 confidato
795 2563 1119 2607 coll'ingiunzione
1139 2563 1174 2596 di
1194 2574 1266 2601 non
1286 2562 1460 2598 rivelarlo
1487 2574 1507 2596 a
1533 2572 1704 2600 nessuno.
1725 2577 1762 2589 -s-
