1818 2973
183 76 250 112 120
773 86 814 111 u.
837 85 920 112 Αοσι
942 76 1075 111 rma-ri

283 165 430 220 Neque
456 167 588 210 oculis
615 168 714 208 ante
741 162 857 207 h1’1nc
884 165 995 206 diem
1022 174 1223 217 umquam
1245 159 1346 206 uidi.
1378 165 1425 206 Ei
1456 165 1657 205 nimirum

1423 237 1656 287 crederem,

285 314 402 367 Quoi,
431 318 464 358 si
484 315 632 368 capitis
649 315 718 356 res
736 315 827 363 siet,
847 325 1067 356 nummum
1086 311 1316 366 nfimquam
1335 314 1507 356 credam
1526 311 1657 367 phim-

1371 390 1524 432 bleum.
1580 419 1630 444 ,20

266 452 629 520 -Adgrediundust
655 461 727 507 hic
752 466 878 506 homo
907 465 961 505 mi
991 467 1098 506 astu.
1174 465 1293 514 heus,
1321 463 1424 513 ΡέιΧ,
1454 467 1496 505 te
1524 464 1659 505 tribus

1379 535 1521 581 uerbis
1549 539 1658 580 uolo.

186 620 258 661 Sv.
288 616 365 659 Vel
393 617 607 659 trecentis.
661 618 735 657 CH.
764 615 910 658 Heben
937 618 982 657 tu
1012 616 1052 656 id
1081 626 1246 664 aurum,
1275 612 1383 667 qudd
1412 614 1609 666 accepisti
1633 624 1660 654 a

1405 689 1660 731 Charmide?

185 771 259 812 Sv.
286 751 424 819 A'tque
450 768 578 809 etiam
598 764 848 818 Philippfim‚
870 769 1140 808 numeratum
1161 762 1272 807 illius
1290 766 1333 806 in
1353 764 1499 807 mens&
1518 776 1659 814 manu,

1583 841 1662 880 965

291 914 406 960 Mille
433 929 666 959 nummum.
724 919 799 958 CH.
841 914 1002 968 Nempe
1028 916 1081 957 ab
1109 917 1197 967 ipso
1224 915 1265 955 id
1293 913 1492 966 &coepisti
1531 913 1663 955 Cher-

1523 990 1662 1031 mide?

187 1071 260 1112 Sv.
288 1065 442 1110 Mirum
470 1069 571 1120 quin
598 1069 650 1109 ab
679 1080 761 1109 auo
788 1063 878 1109 eius
908 1070 983 1109 aut
1011 1062 1170 1119 profiuo
1189 1061 1437 1118 acciperem,
1467 1066 1537 1116 qui
1565 1067 1664 1106 sunt

1363 1139 1530 1181 mdrtui.
1588 1170 1638 1194 „5

186 1222 260 1262 CH.
288 1204 556 1269 Adulescens,
595 1216 797 1260 ced5dum
833 1215 943 1259 istuc
977 1229 1131 1259 aurum
1168 1201 1285 1259 mihi.
1340 1219 1413 1258 Sv.
1442 1213 1557 1265 Qu6d
1586 1213 1664 1268 ego

1256 1288 1409 1333 alit-um
1438 1289 1532 1333 dem
1560 1292 1664 1332 tibi?

189 1521 235 1535 =
258 1507 318 1540 ille
342 1516 451 1549 quem,
478 1503 522 1538 ef.
540 1515 576 1537 n.
595 1502 673 1536 373.
701 1518 745 1524 -
794 1500 880 1535 961.
906 1502 961 1535 ei:
987 1499 1160 1536 abbiamo
1187 1498 1410 1535 cominciato
1437 1509 1506 1534 oon
1530 1500 1666 1543 questa.

190 1563 320 1609 parola
339 1575 391 1598 un
416 1563 584 1598 concetto
602 1571 735 1601 nuovo,
754 1558 970 1604 riportando
988 1559 1058 1599 l'ei,
1073 1557 1208 1593 sull'es.
1227 1557 1288 1592 del
1305 1556 1477 1601 Lindsay‚
1493 1556 1528 1591 al
1546 1558 1628 1600 quoi
1644 1566 1665 1591 e

190 1634 266 1658 non
284 1623 319 1657 al
337 1633 436 1666 quem
455 1621 520 1656 che
538 1619 706 1664 precede.
721 1638 766 1643 —
783 1619 957 1652 nimirum
973 1628 1041 1662 per
1057 1618 1234 1651 nemirum
1251 1615 1312 1651 dei
1329 1615 1459 1656 codici,
1477 1614 1665 1659 seguendo

189 1682 267 1717 l'es.
294 1681 354 1716 del
379 1679 533 1715 Merula.
561 1678 622 1713 Gli
647 1676 735 1713 altri
754 1676 889 1712 editori
907 1677 1059 1711 mutano
1077 1675 1206 1710 invece
1225 1675 1507 1710 comunemente
1532 1674 1667 1707 mirum

189 1740 230 1776 in
256 1751 396 1781 aurum,
424 1737 610 1782 seguendo
637 1736 671 1772 le
696 1738 819 1771 tracce
847 1735 906 1770 del
933 1733 1156 1769 Camerario.
1173 1733 1205 1767 Il
1222 1735 1396 1767 nimirum
1421 1730 1604 1767 comincia
1620 1731 1668 1766 ad

190 1810 279 1834 aver
303 1798 368 1842 qui
392 1797 420 1832 il
446 1807 554 1832 senso
579 1795 720 1831 ironico
747 1793 807 1828 del
824 1793 941 1828 latino
969 1792 1133 1828 classico.
1159 1811 1205 1816 —
1229 1793 1407 1825 crederem
1435 1787 1448 1803 ⁸
1470 1789 1573 1825 avrei
1591 1789 1668 1824 affi-

192 1846 278 1893 dabe
301 1883 330 1899 „.
355 1873 401 1878 —
497 1853 592 1888 962.
628 1855 661 1888 si
697 1855 826 1896 capitis
863 1863 921 1886 res
957 1854 1005 1885 sit
1033 1848 1046 1862 ⁴⁴
1069 1861 1107 1885 se
1144 1861 1191 1885 ne
1229 1849 1387 1884 andasse
1413 1848 1514 1884 della
1539 1848 1618 1883 vita.
1637 1874 1667 1891 ‚.

191 1932 236 1939 —
274 1916 416 1949 credam
446 1911 458 1925 ¹⁴
481 1912 647 1947 affiderei
668 1925 707 1955 „z
746 1911 810 1946 cfr.
836 1910 916 1945 891.
942 1929 987 1934 ·—
1011 1910 1221 1953 plumbeum,
1260 1907 1323 1942 cfr.
1361 1907 1471 1942 Most.
1499 1906 1568 1942 892
1593 1911 1669 1941 tace

191 1975 254 2016 sis,
277 1973 392 2016 faber,
417 1973 479 2015 qui
504 1973 630 2005 cudere
654 1971 744 2004 soles
768 1969 946 2012 plumbeos
969 1978 1140 2002 nummos.
1170 1983 1208 1988 —
1276 1964 1372 2000 963.
1398 1966 1515 1999 tribus
1543 1965 1669 2007 verbis,

192 2032 256 2068 cfr.
275 2030 353 2066 Mil.
374 2030 464 2065 1020
483 2030 603 2063 brevin
621 2040 668 2062 an
686 2029 875 2071 lonqinquo
892 2028 1077 2060 sermone?
1092 2025 1140 2059 M.
1166 2025 1297 2059 Tribus
1314 2025 1429 2058 verbis
1445 2034 1465 2058 e
1483 2035 1517 2058 v.
1534 2023 1668 2058 516.—

192 2089 289 2124 964.
314 2089 366 2123 vel
395 2085 408 2100 '⁴
431 2087 548 2122 anche
570 2114 598 2129 „‚
626 2086 690 2121 cfr.
716 2086 796 2120 655.
829 2102 875 2106 —
909 2085 1068 2126 trecenti,
1093 2083 1129 2117 al
1154 2082 1237 2126 pari
1262 2082 1300 2116 di
1325 2083 1478 2116 sexcenti
1502 2080 1549 2121 (v.
1575 2079 1669 2123 791),

190 2148 223 2183 si
247 2150 357 2183 trova,
381 2146 584 2190 adoperato
609 2145 935 2188 frequentamenta
962 2142 1023 2176 dai
1048 2141 1152 2185 poeti
1178 2140 1311 2176 comici
1335 2151 1404 2184 per
1427 2139 1594 2175 indicare
1618 2150 1669 2174 un

191 2217 346 2241 numero
372 2203 675 2239 indeterminato.
717 2221 762 2226 —
798 2203 974 2244 accepisti,
1001 2200 1065 2236 cfr.
1099 2199 1236 2234 Introd.
1273 2198 1378 2244 Capt.
1415 2197 1597 2232 XXXVII.
1623 2216 1668 2222 —

193 2264 289 2298 965.
315 2269 416 2308 atque
433 2264 539 2297 etiam
559 2259 573 2274 '⁴
591 2263 622 2297 si
652 2272 671 2296 e
691 2288 719 2303 „.
746 2277 791 2283 -—
816 2261 1036 2304 Philippum,
1054 2258 1085 2294 si
1115 2257 1282 2293 riferisee
1311 2268 1334 2292 a
1363 2267 1554 2298 nummum,
1571 2266 1668 2299 gem,

193 2323 258 2358 cfr.
283 2334 315 2356 v,
343 2322 422 2357 959.
449 2338 492 2344 ——
518 2325 745 2354 numeratum
772 2318 992 2363 appartiene
1019 2329 1042 2352 a
1066 2318 1182 2359 mille3
1211 2315 1275 2351 cfr.
1301 2327 1334 2349 v.
1362 2314 1464 2350 1082.
1490 2314 1520 2349 ΙΙ
1547 2325 1579 2349 ν.
1605 2325 1669 2349 nu·

191 2392 332 2416 merare
358 2379 389 2414 si
415 2380 578 2423 adopera
611 2390 678 2422 per
706 2375 719 2390 ⁴‘
743 2388 882 2422 pagare
908 2376 948 2411 in
973 2375 1143 2411 contami
1165 2402 1194 2417 „
1224 2374 1445 2419 perscribere
1475 2384 1543 2417 per
1570 2369 1585 2385 ⁸
1606 2383 1670 2418 pa·

190 2450 280 2484 gare
317 2449 386 2473 con
410 2438 552 2482 polizza
572 2450 608 2480 1,;
636 2437 700 2472 cfr.
727 2436 830 2470 Asin,
857 2435 935 2476 193,
961 2433 1068 2478 Epid.
1096 2433 1175 2468 305.
1203 2450 1248 2455 -
1321 2431 1418 2465 966.
1443 2443 1577 2475 nempe,
1602 2431 1669 2466 cfr.

192 2510 229 2532 n.
257 2496 335 2532 186.
361 2516 406 2520 —
455 2495 550 2530 967.
569 2497 702 2529 mirum
727 2496 824 2539 quin,
855 2493 912 2529 col
937 2492 1091 2534 Merula,
1118 2503 1185 2536 per
1209 2492 1343 2525 mirum
1359 2492 1445 2534 quid
1462 2489 1522 2524 dei
1539 2488 1670 2532 codici,

193 2555 258 2592 cfr.
282 2567 318 2590 n.
343 2554 424 2591 495.
453 2570 490 2577 -
517 2556 592 2589 eius
617 2555 637 2589 e
662 2552 909 2589 monosillabo
934 2563 1003 2596 per
1027 2549 1188 2586 sinizesi.
1226 2566 1272 2573 -
1368 2547 1466 2583 968.
1492 2548 1670 2589 acaedam,

372 2684 415 2700 :⁷⁴⁷
