1872 2968
273 74 317 110 30
855 88 893 113 M.
919 88 1002 114 Accx
1026 88 1160 114 Ριᾼυτι

273 171 353 208 ΜΕ.
382 151 622 209 Αᾶὲεῇνίυἰι
650 166 693 209 et
721 169 901 209 inhiauit
928 169 1070 210 serius

376 245 536 296 Lupus;
564 243 807 285 obseruauit
833 240 933 283 dum
961 241 1211 285 dormitaret
1237 255 1386 287 canes:
1466 300 1469 301 ⁷
1663 251 1738 290 170

375 322 554 371 Gregem
583 316 828 359 uniuorsum
859 317 991 359 uoluit
1020 322 1152 359 totum
1181 319 1392 380 auorjtere.

269 396 341 435 Ca.
371 390 556 436 Fecisset
583 395 741 445 edepol,
771 394 811 434 ni
841 392 948 435 haec
978 378 1277 445 praesensisset
1309 408 1448 438 canes.

376 471 455 511 Sed
485 466 596 509 minc
623 480 773 521 rogare
802 468 879 521 ego
907 470 1090 510 uicissim
1120 468 1160 511 te
1190 472 1308 512 uolo:

374 546 479 593 Quid
508 541 584 584 fuit
612 545 794 586 officium
816 542 953 586 meum
984 557 1050 586 me
1079 547 1250 588 facere?
1279 546 1526 591 sacjsciam:

375 623 524 660 Vtrum
553 615 738 661 indicare
768 632 832 661 me
861 617 899 661 ei
929 621 1203 662 thensaurum
1233 622 1407 674 aequom
1437 625 1526 673 suit,
1662 628 1738 667 175

375 694 608 735 Aduorsum
639 707 763 746 quam
793 697 883 736 eius
912 709 978 737 me
1006 694 1308 757 obsecrauisset
1336 702 1485 750 pater?

375 773 439 810 An
468 782 544 821 ego
572 769 704 811 alium
734 771 946 811 dominum
977 759 1146 822 paterer
1175 773 1264 814 fieri
1296 773 1410 815 hisce
1428 772 1632 816 aedibus?

373 846 449 893 Qui
478 841 657 893 emisset,
687 846 777 886 eius
805 843 968 889 essetne
996 858 1046 887 ea
1075 843 1282 898 pecunia?

373 922 461 960 Emi
492 919 655 972 egomet
683 922 817 971 potius
845 919 981 961 aedis:
1011 910 1233 973 argentum
1262 924 1356 963 dedi

1660 431 1710 454 185

1661 806 1709 830 uo

269 1055 335 1090 che
361 1055 399 1089 la,
425 1066 510 1090 casa
534 1067 598 1091 era
624 1056 771 1099 esposta
795 1054 834 1089 in
860 1054 1025 1099 vendita,
1043 1055 1286 1100 coll'apporvi
1312 1057 1350 1092 di
1375 1069 1485 1102 sopra
1508 1071 1559 1094 un
1584 1059 1737 1096 cartello

269 1113 411 1148 scritto.
449 1113 521 1148 Cfr.
548 1114 629 1148 Ter.
667 1114 803 1148 Heaut.
833 1115 864 1155 1,
892 1114 923 1156 1,
950 1113 994 1148 92
1031 1116 1204 1158 inscripsi
1239 1116 1321 1150 ilico
1357 1118 1457 1150 aedis
1491 1120 1655 1153 mercede.
1694 1136 1738 1142 -

268 1171 355 1206 169.
381 1173 568 1206 adesurire
597 1170 610 1184 ‘⁴
631 1171 856 1207 cominciare
881 1182 904 1206 a
928 1171 1068 1207 sentire
1101 1172 1269 1217 appetito
1289 1200 1318 1216 ,,,
1345 1174 1408 1209 cfr.
1434 1177 1654 1211 addubitare.
1691 1193 1737 1197 -

267 1232 390 1264 acrius
415 1230 634 1274 appartiene
672 1230 719 1264 ad
755 1230 937 1265 ambedue
963 1229 975 1264 i
1002 1230 1124 1271 verbi;
1152 1231 1215 1265 cfr.
1242 1231 1355 1267 Stich.
1383 1233 1412 1274 1,
1439 1233 1471 1276 3,
1497 1234 1541 1268 26
1571 1237 1736 1270 adesurio

267 1290 400 1322 acrius.
415 1288 485 1322 Nei
503 1288 622 1323 codici
646 1289 742 1332 dopo
768 1290 964 1322 adesurivit
989 1288 1019 1322 si
1045 1291 1152 1323 trova
1178 1291 1300 1332 mayis,
1316 1290 1382 1325 che
1400 1293 1419 1325 e
1437 1292 1736 1329 evidentemente

267 1358 342 1381 una
365 1346 499 1389 glossa.
527 1364 569 1369 —
642 1346 729 1380 170.
755 1348 871 1390 lupus.
898 1346 1094 1388 Fritzsche,
1121 1347 1227 1381 Anal.
1253 1348 1373 1383 Plaut.
1400 1349 1443 1391 II,
1469 1361 1504 1394 p.
1531 1350 1563 1392 6,
1589 1348 1741 1386 osserva'

268 1415 290 1438 a
315 1407 447 1448 questo
472 1405 671 1448 riguardo:
701 1402 714 1416 “
737 1405 833 1447 Apte
861 1406 898 1439 et
924 1404 1077 1439 Plautus
1116 1407 1155 1439 et
1192 1405 1271 1440 sine
1310 1406 1439 1442 dubio,
1459 1407 1655 1443 Philemon
1691 1409 1736 1444 ad

270 1460 284 1475 ⁴¹
305 1463 403 1497 hunc
428 1463 705 1498 adulescentem
732 1462 940 1496 retulerunt
965 1463 1212 1505 proverbium,
1239 1464 1338 1507 quod
1362 1464 1506 1506 Photio,
1531 1478 1566 1510 p.
1584 1466 1664 1510 235,
1684 1468 1737 1508 10,

271 1518 284 1533 “
306 1521 464 1565 aliisque
490 1521 648 1556 testibus
674 1520 748 1555 dici
774 1519 918 1554 solebat
944 1519 999 1553 ἐπὶ
1023 1523 1100 1553 τῶν
1129 1519 1350 1555 ἐλπιζόντων
1370 1522 1433 1562 μὲν
1457 1525 1736 1564 χρηματιεῖσθαι.

271 1576 283 1590 “
307 1577 636 1619 ὁιαμαρτανόντων
662 1577 700 1610 δὲ
723 1580 790 1619 τῆς
815 1575 970 1616 ἐλπίδος.
1008 1578 1249 1613 Proverbium
1275 1579 1397 1624 ipsum
1424 1579 1491 1614 hoc
1516 1581 1594 1614 est:
1627 1579 1737 1618 λύκος

272 1635 284 1650 “
307 1635 433 1676 ἔχανεν
460 1635 537 1670 sive
564 1635 674 1673 λύκος
698 1636 831 1677 χανών,
857 1636 955 1679 quod
980 1635 1018 1670 in
1038 1635 1262 1671 Graecorum
1288 1637 1479 1672 comoedia
1502 1637 1602 1671 haud
1627 1637 1737 1670 infre-

272 1693 284 1708 “
307 1706 423 1739 quens
450 1694 562 1729 fuisse
588 1694 635 1728 ad
660 1693 772 1728 Arist.
798 1693 1021 1738 Thermoph.
1048 1705 1083 1738 p.
1109 1694 1177 1729 620
1206 1695 1436 1730 ostendimus
1459 1722 1486 1737 „.
1516 1712 1552 1717 —-
1582 1705 1685 1728 canes
1719 1696 1738 1728 e

268 1754 421 1788 l'antica
446 1753 565 1788 forma
591 1752 628 1787 di
654 1752 884 1787 nominativo
911 1755 1019 1787 usata
1047 1752 1120 1787 alle
1146 1753 1247 1787 volte
1273 1753 1320 1787 da
1344 1753 1478 1787 Plauto
1504 1752 1580 1791 (cfr.
1607 1765 1641 1787 V.
1661 1752 1738 1793 172,

268 1813 365 1847 Men.
393 1813 469 1853 718,
498 1812 605 1846 Most.
630 1809 690 1853 41)
715 1813 868 1845 aceanto
907 1822 928 1844 a
967 1813 1078 1845 canis.
1103 1809 1175 1845 cfr.
1194 1810 1298 1846 Varr.
1324 1810 1348 1845 l.
1374 1810 1398 1845 l.
1425 1812 1456 1854 7,
1482 1811 1526 1845 32
1555 1812 1740 1845 dubitatur

268 1877 389 1905 utrum
414 1872 571 1914 primum
598 1881 670 1903 una
695 1871 795 1903 canis
820 1874 882 1903 aut
907 1881 1010 1903 canes
1034 1871 1080 1903 sit
1106 1870 1298 1913 appellata,
1323 1871 1418 1903 dicta
1447 1872 1540 1903 enim
1567 1871 1664 1913 apud
1688 1880 1738 1903 ve-

268 1935 359 1964 teres
384 1941 456 1963 una
481 1939 593 1962 canes.
625 1946 660 1950 —
761 1926 838 1962 171.
863 1929 1071 1961 unicorsmn
1109 1933 1218 1961 totum
1247 1925 1260 1940 ‘⁴
1281 1929 1381 1962 tutto
1408 1927 1446 1961 in
1472 1938 1546 1961 una
1574 1926 1677 1962 volta
1697 1939 1737 1969 „;

269 1987 331 2022 cfr.
358 1987 465 2022 Most.
494 1988 523 2029 1,
550 1986 581 2025 2,
608 1986 652 2021 68
677 1987 762 2029 quin
786 1987 888 2019 aedes
912 1990 1002 2019 totae
1020 1991 1214 2028 perpetuae
1238 1990 1348 2019 ruant
1371 1982 1401 2027 (¹⁶
1424 1984 1462 2019 in
1479 1986 1580 2020 tutta
1604 1985 1642 2020 la
1659 1984 1738 2020 loro

269 2045 480 2080 estensione
503 2045 543 2086 „).
570 2064 614 2068 —
664 2042 750 2077 172.
769 2044 851 2077 haec
869 2055 971 2077 canes
988 2043 1069 2078 dice
1089 2043 1239 2078 Callicle
1266 2043 1501 2078 aecennando
1520 2055 1542 2078 a
1559 2045 1596 2078 se
1621 2045 1739 2079 stesso

273 2101 286 2116 “
308 2103 355 2145 io,
383 2104 513 2147 questo
532 2102 645 2146 vigile
675 2113 766 2136 eane
785 2129 813 2143 „.
840 2101 904 2136 cfr.
930 2101 1040 2136 Poen.
1068 2102 1100 2143 5,
1126 2103 1158 2143 4,
1190 2102 1233 2136 66
1259 2104 1311 2135 ita
1336 2102 1426 2135 hanc
1451 2113 1572 2135 canem
1594 2099 1654 2143 (=
1668 2106 1741 2143 me)

268 2163 402 2204 faciam
438 2162 503 2195 tibi
540 2162 611 2195 oleo
636 2161 935 2203 tranquilliorem,
963 2160 1028 2194 115
1054 2160 1111 2193 hic
1135 2160 1376 2203 homo=eyo,
1402 2160 1466 2194 541
1494 2160 1578 2193 haec
1602 2171 1739 2200 manus,

269 2220 400 2255 Pseud.
426 2220 459 2262 2,
485 2220 517 2260 4,
544 2219 588 2253 33
622 2220 684 2252 hoc
719 2223 835 2262 caput.
860 2238 906 2243 -—
1002 2217 1089 2252 173.
1115 2217 1145 2251 11
1170 2217 1398 2259 Fleckeisen,
1424 2217 1452 2252 il
1477 2217 1642 2261 Wagner
1666 2228 1685 2252 e
1711 2217 1738 2251 il

270 2278 367 2319 Brix,
386 2289 452 2322 per
470 2278 590 2312 evitar
620 2277 657 2312 la
685 2276 825 2311 misura
851 2280 921 2319 ἔρι’),
946 2275 984 2310 vi
1009 2287 1259 2320 prepongono,
1286 2276 1406 2311 dietro
1431 2274 1507 2311 l’es.
1533 2275 1571 2310 di
1590 2274 1632 2310 G.
1649 2275 1739 2310 Her—

270 2348 394 2377 mann,
419 2337 447 2371 il
471 2347 649 2380 pronome
675 2337 747 2370 hoc.
774 2355 818 2360 —
867 2333 953 2369 176.
980 2336 1170 2369 advorsum
1193 2346 1321 2378 quam:
1346 2335 1479 2378 questa
1509 2333 1740 2378 espressione

270 2407 343 2430 non
369 2395 505 2429 ricorre
531 2395 570 2429 in
594 2406 730 2429 nessun
757 2394 853 2429 altro
880 2393 1050 2428 scrittore
1084 2393 1214 2435 latino,
1240 2404 1302 2427 ma
1327 2393 1347 2427 e
1371 2392 1599 2436 giustificata
1623 2402 1646 2426 a
1670 2391 1740 2426 suf-

271 2454 423 2488 ficienza
460 2453 557 2487 dalle
597 2452 819 2497 espressioni
858 2452 961 2487 affini
998 2457 1122 2486 contra
1155 2463 1261 2496 quam
1286 2461 1305 2485 e
1327 2455 1592 2495 praeterquam,
1616 2449 1656 2484 in
1681 2448 1740 2484 cui

270 2524 376 2556 quam
401 2514 507 2546 trova
544 2511 653 2554 luogo
686 2510 805 2556 peril
843 2522 950 2546 senso
987 2509 1242 2554 comparativo
1280 2519 1437 2543 annesso
1476 2507 1552 2552 agli
1589 2505 1742 2542 avverbi

271 2576 396 2606 contra
422 2580 441 2604 e
464 2575 620 2613 praeter.
647 2588 691 2594 -—
754 2568 840 2604 178.
866 2581 910 2603 ne
933 2571 953 2604 e
980 2568 1179 2612 congiunta
1206 2566 1302 2602 colla
1326 2566 1487 2602 seconda
1511 2564 1652 2611 parola,
1678 2565 1743 2602 cfr·

1856 363 1869 402 *1⁴1
1860 250 1872 353 ,έν-κν
1861 219 1872 233 ⁴,
1868 205 1869 209 „
