1818 2973
261 62 326 103 128
849 74 891 103 u.
913 75 996 103 mcx
1019 75 1152 103 pnau‘rr

363 154 519 210 Recipe
545 159 588 200 te
615 158 667 198 ad
695 169 831 199 erum.
884 159 961 198 Cn.
989 155 1080 198 Νόη
1109 157 1324 209 fugitiuost
1353 153 1424 198 hio
1450 157 1596 199 homo:
1624 169 1734 200 oom-
1788 202 1793 205 ,

354 227 361 229 ’
1276 228 1467 273 meminit
1490 233 1617 273 domi.
1671 262 1705 286 ,ο

262 310 331 349 ΒΤ.
360 291 529 348 Vtinam
557 309 729 347 ueteres
756 304 984 347 hdminum
1010 316 1173 353 mores,
1200 303 1369 347 ueteres
1397 306 1676 358 parsimbniae

366 381 509 423 Pdtius
536 385 584 422 m
611 380 769 422 mai6re
797 381 958 423 honore
986 381 1058 422 hic
1085 378 1224 422 essent
1248 392 1374 432 quam
1403 382 1540 422 mores
1568 383 1680 422 mali.

261 459 337 498 CH.
365 458 413 497 Di
441 452 713 505 immortales,
754 455 924 497 besilica
966 456 1037 497 hic
1079 457 1246 507 quidem
1284 455 1471 497 fficinora
1499 455 1684 508 inceptet

1437 532 1576 582 loqui:
1634 533 1735 572 1030

367 603 522 646 vetera
552 606 728 657 quaerit,
758 603 905 647 uetera
938 617 1082 647 amare
1111 605 1227 646 hunc
1255 603 1372 647 m6re
1391 603 1596 646 maiouim
1615 607 1735 647 scias.

263 683 332 722 ST.
360 679 467 722 Nam
508 692 622 722 nunc
661 692 799 722 mores
841 676 963 721 nihili
1003 681 1163 722 faciunt
1204 679 1312 732 qudd
1358 681 1457 722 lieet
1501 681 1580 721 nisi
1625 662 1736 733 qnod

1482 757 1609 798 lubet.
1676 786 1710 810 2⁵

368 814 549 871 Ambitio
576 831 660 870 iam
689 829 805 871 m6re
834 832 1030 878 sanct-ast,
1060 825 1232 870 liberast
1259 841 1284 870 a
1313 827 1490 881 legibus:

370 901 497 947 Senta
526 907 666 946 iacere
695 901 926 956 fdgereque
955 905 1086 945 hostis
1115 903 1230 944 m6re
1257 904 1415 945 habent
1442 905 1674 946 licentiam:

372 979 525 1023 Petere
552 981 758 1022 honorem
787 979 863 1032 prd
891 980 1048 1032 flagitio
1077 978 1192 1021 mere
1220 979 1279 1020 fit.
1319 963 1326 969 Ν
1378 981 1453 1020 Cn.
1480 983 1640 1022 Morem
1668 977 1739 1021 im-

1390 1056 1579 1106 probum.
1634 1056 1738 1096 1035

264 1212 381 1249 1027.
409 1215 577 1258 fuyitivos
602 1218 651 1249 est
680 1210 693 1226 ¹
715 1214 736 1248 e
760 1212 906 1257 fuggito
933 1213 1035 1248 dalla
1060 1224 1145 1248 casa
1167 1240 1194 1255 „.
1228 1231 1273 1237 —
1310 1213 1406 1247 domi
1433 1213 1453 1247 e
1482 1211 1663 1257 genitivo.
1692 1228 1738 1235 —

264 1272 381 1306 1028.
399 1273 448 1307 Le
467 1272 716 1307 osservazioni
741 1271 886 1314 morali,
913 1272 979 1306 che
1005 1271 1069 1316 qui
1094 1271 1132 1305 fa
1150 1270 1323 1312 Stasimo,
1340 1281 1406 1305 son
1423 1270 1539 1306 molto
1560 1270 1738 1313 comiche,

264 1333 371 1375 poste
388 1330 427 1365 in
444 1330 558 1366 bocca
575 1330 684 1365 d'uno
711 1329 872 1371 schiavo,
891 1341 910 1364 e
929 1329 1193 1364 stonerebbero
1212 1328 1293 1363 anzi
1309 1330 1444 1372 troppo
1463 1328 1518 1363 col
1537 1339 1602 1364 suo
1621 1330 1739 1364 carat-

264 1390 344 1424 tere
363 1399 383 1424 e
407 1388 509 1423 nella
534 1399 601 1422 sua
626 1399 796 1432 persona,
822 1399 860 1422 se
887 1399 962 1421 non
987 1387 1126 1422 fossero
1153 1387 1297 1421 dettate
1323 1388 1421 1421 sotto
1446 1385 1662 1421 l'influenza.
1678 1386 1739 1422 del
1792 1402 1818 1420 α

264 1447 363 1482 vino.
389 1466 434 1471 ——
471 1447 653 1480 hominum
677 1457 792 1479 mores
818 1445 875 1480 col
902 1445 1145 1486 Lindemann,
1178 1455 1244 1488 per
1272 1446 1429 1479 homines
1454 1444 1514 1479 dei
1546 1444 1685 1480 codici:
1709 1444 1739 1479 il

265 1504 408 1539 Ritschl
446 1514 672 1547 eorreggeva
708 1508 861 1537 veterum
897 1514 1022 1537 mores.
1059 1520 1105 1525 —
1136 1505 1394 1547 parsimoniae,
1425 1502 1488 1537 cfr.
1517 1514 1552 1537 11.
1582 1502 1662 1537 490.
1692 1518 1736 1524 --

267 1561 386 1598 1029.
414 1564 451 1596 in
478 1564 612 1596 maiore
636 1563 767 1596 honore
793 1561 849 1596 001
876 1561 1027 1602 Loman,
1053 1572 1119 1605 per
1144 1562 1277 1595 maiori
1300 1562 1428 1594 honori
1451 1559 1512 1594 dei
1537 1559 1667 1595 codici.
1691 1579 1737 1585 —

265 1620 382 1655 1030.
409 1622 556 1654 basilica
585 1618 598 1632 “
617 1631 721 1654 come
747 1631 785 1655 se
811 1620 907 1654 fosse
933 1631 983 1653 un
1008 1630 1047 1653 re
1063 1646 1090 1661 „‚
1126 1630 1201 1654 non
1237 1617 1300 1662 gie.
1334 1629 1436 1653 come
1467 1629 1540 1652 uno
1562 1617 1736 1658 sobiam:

265 1679 330 1714 cfr.
356 1679 461 1723 Capt.
486 1679 520 1721 4,
545 1679 578 1720 2,
604 1678 646 1713 31
674 1679 841 1712 basilicas
866 1679 1052 1712 edictiones
1077 1683 1178 1720 atque
1202 1678 1414 1720 imperiosas
1438 1676 1549 1709 habet.
1575 1691 1619 1698 —
1649 1676 1736 1718 faci-

265 1749 357 1772 nora
386 1735 399 1750 “
417 1736 521 1781 piani
547 1736 584 1770 di
609 1736 760 1772 riforme
779 1763 806 1779 „.
833 1755 878 1760 —
974 1734 1080 1769 1031.
1118 1746 1214 1769 more
1245 1732 1317 1776 (col
1352 1734 1487 1775 Dousa,
1515 1743 1584 1777 per
1607 1744 1740 1767 morem

265 1795 327 1830 dei
343 1793 462 1837 codd.)
478 1797 656 1829 maiorum
673 1796 692 1829 e
711 1794 814 1829 detto
832 1793 871 1828 in
889 1804 997 1829 senso
1015 1792 1167 1833 ironico,
1187 1791 1408 1826 riferendosi
1426 1791 1473 1826 ad
1489 1802 1562 1826 uno
1577 1790 1738 1832 sohiavo,

264 1854 293 1888 il
318 1853 428 1897 quale
446 1864 520 1888 non
538 1853 615 1887 solo
635 1864 709 1887 non
728 1855 865 1896 poteva
884 1862 993 1887 avere
1013 1851 1195 1893 antenati,
1213 1861 1274 1884 ma
1290 1860 1488 1884 nemmeno
1506 1849 1535 1883 il
1553 1849 1679 1892 padre.
1693 1866 1738 1872 —

264 1910 381 1946 1032.
407 1923 501 1945 nunc
526 1922 640 1945 mores
669 1909 681 1923 ²
699 1911 712 1945 i
731 1910 888 1946 eostumi
907 1910 1074 1954 presenti
1091 1917 1128 1951 ,,;
1161 1908 1224 1943 cfr.
1244 1920 1338 1942 nunc
1362 1909 1519 1941 homines
1542 1920 1589 1933 =
1613 1904 1648 1940 ot
1669 1907 1740 1939 νῦν

265 1968 449 2011 ἄνθρωποι
479 1966 492 1981 '⁶
511 1969 547 2003 la
571 1968 816 2012 generazione
843 1970 1017 2012 presente
1035 1995 1063 2009 „,
1090 1967 1203 2001 Persa
1221 1966 1288 2000 385
1306 1977 1376 2000 non
1394 1970 1431 1999 tu
1448 1976 1542 1999 nunc
1558 1965 1740 1999 hominum

265 2037 380 2061 mores
404 2028 510 2061 vides.
530 2044 572 2049 —-
598 2029 672 2060 nisi
696 2028 788 2070 quod
812 2028 903 2060 lubet
928 2027 947 2060 0
973 2025 1037 2069 qui
1063 2026 1219 2068 apposto
1253 2023 1292 2058 in
1326 2024 1435 2058 modo
1466 2023 1595 2058 affatto
1619 2022 1739 2057 libero

265 2084 341 2119 alla
365 2084 620 2128 proposizione
647 2085 713 2119 che
739 2084 912 2128 precede:
938 2084 1094 2127 bisogna
1120 2082 1392 2117 sottintendere
1417 2081 1455 2116 di
1480 2092 1600 2116 mezzo
1632 2091 1741 2124 neque

265 2144 387 2186 mayni
409 2144 550 2186 faciunt
575 2144 649 2177 nisi
674 2145 743 2177 ete.
770 2163 815 2167 —
893 2141 1009 2175 1033.
1037 2142 1191 2182 ambitio,
1219 2140 1282 2175 cfr.
1308 2152 1344 2174 11.
1370 2139 1426 2174 34.
1444 2157 1489 2163 -
1514 2150 1611 2174 more
1638 2136 1651 2151 '⁶
1673 2149 1742 2182 per

265 2201 499 2242 l'abitudine,
526 2201 812 2235 dall'abitudine
831 2228 859 2243 „.
886 2217 930 2223 -
1041 2198 1158 2233 1034.
1185 2198 1246 2233 Gli
1269 2197 1409 2233 infiniti
1433 2199 1550 2232 iacere
1574 2208 1593 2232 e
1617 2198 1741 2241 fuqere

265 2258 377 2294 fanno
404 2259 451 2293 da
477 2259 715 2303 apposizione
742 2270 763 2293 a
789 2261 967 2293 licentiam
992 2257 1049 2297 (=
1064 2256 1213 2298 licitum)
1229 2267 1248 2291 e
1267 2268 1354 2291 sono
1381 2255 1562 2290 anch'essi
1587 2255 1657 2290 due
1680 2266 1740 2298 og-

265 2317 362 2360 getti
388 2317 448 2352 del
473 2317 585 2352 verbo
610 2318 757 2358 habent;
786 2318 930 2352 mentre
968 2316 1004 2350 al
1039 2315 1225 2351 contrario
1257 2320 1373 2359 petere
1399 2325 1418 2348 e
1437 2315 1652 2357 praeterire,
1677 2312 1741 2348 nei

266 2375 364 2409 versi
390 2375 574 2418 seguenti,
600 2375 764 2419 fungono
796 2375 841 2409 da
868 2376 1052 2418 soggetsso.
1079 2374 1152 2408 L'a.
1178 2373 1275 2409 forse
1301 2373 1425 2407 allude
1451 2371 1488 2406 ai
1517 2370 1741 2413 ῥιψάσπιδες,

266 2443 371 2468 come
396 2433 436 2467 in
462 2433 575 2468 Arist.
601 2433 700 2468 Nubi
735 2433 803 2468 353
843 2444 862 2468 e
895 2433 971 2468 Pax
1000 2432 1100 2476 1186,
1135 2433 1198 2467 cfr.
1225 2432 1342 2467 anche
1367 2431 1475 2465 Arch.
1510 2431 1531 2466 6
1564 2429 1688 2474 Bergk
1721 2440 1741 2464 e

266 2490 322 2525 Pl.
349 2489 455 2535 Epid.
482 2492 599 2533 33·36,
625 2492 718 2527 dove
744 2492 780 2527 lo
807 2491 1021 2526 Schmieder
1045 2491 1094 2525 ha
1119 2490 1217 2525 visto
1243 2502 1292 2524 un
1319 2500 1480 2524 aceenno
1514 2500 1537 2523 a
1563 2488 1740 2522 Terenmo

267 2549 434 2585 Varrone
461 2560 481 2585 e
506 2549 542 2585 al
567 2550 728 2586 disastro
755 2550 793 2585 di
819 2549 955 2586 Canne.
976 2569 1021 2575 —
1092 2548 1209 2584 1035.
1228 2560 1301 2594 pro
1324 2550 1461 2592 flayitio
1491 2544 1504 2560 ⁸
1521 2547 1561 2582 in
1584 2545 1741 2592 premio.
