1818 2973
223 98 269 135 76
814 107 852 133 Μ.
877 106 958 132 Αοοι
983 105 1113 132 ΡιΑυτι

330 183 462 226 Multo
490 187 694 225 Surorum
724 185 807 224 iam
835 182 987 224 antidit
1014 182 1232 234 patientia.

329 262 408 302 Sed
437 262 514 302 iste
543 258 606 301 est
634 272 736 311 ager
764 256 963 310 profecto,
993 261 1041 298 ut
1069 261 1110 298 te
1139 253 1282 298 audiui
1315 257 1440 308 loqui,

277 359 279 364 Α
329 335 460 377 Malos
488 337 529 375 in
558 347 681 386 quem
711 334 844 374 omnis
873 330 1038 385 ptiblioe
1068 329 1177 373 mitti
1205 334 1338 374 decet.

331 407 447 451 Sient
475 408 784 451 fortunatorum
814 411 1048 450 memorant
1076 404 1246 456 insulas,

329 487 417 533 Quo
446 482 583 526 oi'mcti
615 485 683 535 qui
715 486 896 525 aetatem
925 481 1091 535 egerint
1119 480 1234 524 caste
1262 494 1382 523 suam
1461 505 1468 510 -
1620 483 1700 522 550

329 559 609 601 conueniant:
639 563 785 600 contra
816 558 919 600 istoc
947 560 1115 600 detrfidi
1143 557 1358 599 maleficos

330 635 515 687 Aequom
545 636 726 683 uidetur,
756 630 826 686 qui
855 636 1022 686 quidem
1052 635 1169 674 istius
1197 630 1250 674 sit
1278 635 1401 674 modi.

227 715 294 752 ST.
331 706 603 762 Hospitiumst
632 697 902 751 calamitatis:
931 711 1029 760 quid
1060 705 1201 750 uer-his
1229 712 1378 760 opust?

331 781 531 834 Quamuis
559 788 712 826 malam
741 798 833 826 rem
861 782 1052 836 quaeras,
1083 785 1169 825 illic
1197 784 1397 836 reperias.
1719 825 1726 830 ,

228 865 303 902 ΡΗ.
337 865 390 901 At
419 864 463 901 tu
493 859 639 902 hercle
668 864 709 902 et
738 861 797 900 illi
827 863 870 902 et
897 859 1008 900 alibi.
1063 863 1130 901 S'r.
1159 862 1271 900 Caue
1300 860 1355 900 sis
1382 856 1540 900 dixeris
1624 861 1702 899 555

1622 212 1672 236 145

1625 588 1674 610 150

227 1015 498 1060 sperimentato
524 1015 553 1049 11
577 1015 642 1059 pisi
668 1014 852 1050 eccessivo
877 1013 999 1057 rigore
1025 1013 1073 1048 da
1097 1015 1205 1058 parte
1231 1013 1292 1048 del
1318 1013 1454 1049 Senato
1484 1024 1650 1057 romano,
1683 1024 1703 1049 e

226 1074 350 1109 nell'a.
377 1075 442 1108 211
469 1073 563 1116 (oioe
589 1085 736 1118 appena
761 1073 806 1108 20
832 1072 922 1108 anni
945 1072 1096 1107 innanzi
1114 1072 1190 1107 alla
1206 1071 1328 1116 prima
1352 1071 1704 1116 rappresenssazione

228 1132 289 1167 del
314 1131 546 1174 Trinummo)
570 1143 664 1175 gran
688 1134 795 1176 parte
828 1131 866 1166 di
899 1132 980 1166 loro
1006 1142 1119 1166 erano
1146 1130 1234 1165 stati
1259 1130 1322 1174 gia
1347 1130 1514 1166 condotti
1540 1141 1562 1165 a
1586 1130 1705 1165 Roma

227 1202 332 1226 come
358 1190 510 1225 sehiavi.
538 1191 567 1224 ll
594 1202 710 1225 cenno
737 1190 803 1224 ohe
829 1189 893 1233 qui
918 1200 965 1224 ne
992 1189 1029 1224 fa
1062 1189 1194 1223 Plauto
1228 1189 1247 1224 e
1281 1189 1378 1224 assai
1410 1188 1559 1224 crudele
1585 1199 1605 1223 e
1631 1200 1704 1223 sar-

225 1249 387 1284 eastioo:
413 1249 488 1293 egli
514 1249 551 1283 fa
576 1249 654 1283 dire
681 1261 703 1283 a
730 1248 875 1283 Filtone
901 1248 968 1282 che
994 1247 1137 1282 oramai
1161 1245 1273 1290 (iam),
1293 1247 1373 1282 cioe
1390 1247 1452 1282 nel
1471 1247 1582 1282 breve
1600 1257 1704 1282 corso

228 1307 266 1341 di
291 1307 396 1342 venti
422 1307 523 1350 anni,
548 1307 561 1341 i
586 1306 702 1342 ricohi
729 1318 747 1341 e
773 1306 919 1351 potenti
947 1305 1111 1341 abitanti
1136 1305 1174 1340 di
1193 1305 1320 1349 Capua
1338 1317 1427 1340 eran
1444 1305 1615 1340 divenuti
1628 1306 1706 1340 cosi

227 1365 394 1400 indurati
421 1366 456 1400 al
482 1365 610 1400 lavoro
637 1376 656 1400 e
683 1365 757 1400 alle
783 1364 923 1399 fatiche
949 1363 1170 1409 degradanti
1196 1363 1298 1408 degli
1323 1362 1475 1405 schiavi‚
1493 1363 1541 1398 da
1557 1363 1706 1398 vincere

228 1435 295 1468 per
318 1424 524 1459 tolleranza
550 1434 569 1458 e
595 1424 811 1458 robustezza
836 1422 888 1466 gli
916 1422 1025 1457 stessi
1051 1421 1194 1457 sehiavi
1220 1421 1303 1456 Siri.
1327 1438 1373 1444 —
1395 1433 1506 1465 yemis
1522 1422 1542 1456 e
1560 1432 1635 1456 aec.
1653 1421 1708 1456 di-

227 1482 416 1526 pendente
442 1482 490 1516 da
515 1483 656 1516 antidit.
685 1498 728 1503 —
803 1480 897 1514 546.
917 1482 1062 1514 antid-it
1079 1491 1146 1524 per
1162 1482 1286 1514 ante-it
1302 1481 1322 1515 e
1339 1480 1499 1515 formato
1513 1479 1554 1514 in
1569 1479 1707 1515 unione

228 1540 325 1575 colla
348 1551 452 1584 prep.
471 1540 618 1574 areaica
634 1542 746 1580 antid,
774 1551 792 1574 e
819 1539 845 1574 ε’
857 1539 1028 1574 incontra
1045 1538 1143 1573 assai
1159 1538 1483 1582 frequeniemente
1499 1538 1539 1572 in
1553 1537 1706 1579 Plaut0;

230 1598 294 1632 cfr.
320 1598 400 1633 Cas.
427 1599 459 1640 3,
485 1599 517 1641 2,
545 1598 565 1632 9
591 1601 652 1642 qm·
671 1603 861 1642 postquam
886 1609 964 1632 amo
994 1599 1173 1639 Casinam,
1203 1599 1317 1640 nictyis
1345 1598 1488 1630 mundis
1520 1597 1708 1630 munditiis

230 1659 382 1699 antideo,
409 1657 498 1692 Cist.
516 1657 548 1698 2,
569 1657 599 1699 1,
619 1657 638 1690 3
665 1659 725 1700 qui
750 1658 864 1690 omnis
889 1657 1046 1690 homines
1068 1658 1199 1698 'supero
1225 1656 1365 1689 antideo
1390 1655 1709 1689 cruciabilitatibus

231 1717 355 1749 animi.
382 1733 425 1737 —
534 1714 629 1748 547.
657 1717 717 1748 sed
743 1725 845 1749 serve
873 1726 895 1748 a
920 1714 1193 1757 interrompere
1218 1713 1246 1747 11
1272 1713 1434 1748 discorso
1452 1713 1547 1747 fatto
1566 1712 1615 1746 fin
1632 1711 1709 1756 qui,

230 1785 297 1817 per
321 1785 473 1817 passare
491 1774 537 1808 ad
556 1773 759 1818 esprimere
778 1784 853 1807 una
871 1784 993 1807 nuova
1011 1772 1117 1812 idea3
1145 1772 1209 1806 cfr.
1230 1772 1283 1813 16,
1303 1771 1382 1805 622.
1400 1790 1446 1795 —
1462 1773 1528 1805 iste
1548 1768 1562 1783 ⁴⁴
1581 1769 1709 1815 quello

232 1832 270 1866 di
297 1832 355 1866 cui
380 1834 421 1867 tu
448 1832 545 1876 pal-li
561 1859 588 1874 „.
620 1850 655 1854 —
685 1843 773 1875 ayer
796 1845 840 1858 =
868 1833 900 1865 is
926 1843 1021 1875 ayer.
1040 1851 1085 1855 -—
1111 1835 1149 1864 ut
1174 1835 1204 1863 te
1229 1831 1352 1863 audivi
1377 1830 1473 1873 loqui
1500 1826 1514 1841 ⁸
1543 1839 1565 1863 a
1588 1827 1710 1872 giudi-

233 1901 317 1925 care
331 1890 378 1925 da
389 1890 476 1934 quel
492 1891 558 1925 ohe
577 1893 619 1925 iu
637 1890 697 1924 hai
727 1890 832 1925 detto
852 1917 879 1932 „.
910 1907 946 1912 —
990 1888 1086 1922 548.
1108 1889 1306 1932 publice=
1320 1884 1478 1928 δημοσίᾳ
1507 1884 1520 1899 “
1538 1887 1586 1921 da
1602 1887 1710 1930 parte

233 1948 333 1983 dello
351 1950 448 1983 stato
468 1976 494 1991 π.
519 1968 555 1973 -
627 1948 722 1982 549.
749 1948 899 1983 Intorno
919 1947 992 1982 alle
1011 1948 1150 1981 insulae
1167 1948 1384 1989 fortunatae,
1402 1943 1574 1985 μακάρων
1593 1945 1713 1985 νῆσοι,

232 2007 300 2042 che
325 2007 363 2041 la
387 2018 477 2050 saga
503 2006 662 2041 ellenica
688 2006 878 2041 eollocava
903 2005 1134 2040 nell'oeeano
1170 2015 1274 2038 verso
1303 2003 1491 2038 l'estremo
1517 2001 1711 2037 occidente

233 2076 338 2100 come
364 2065 573 2100 abitazione
599 2064 700 2108 degli
726 2064 838 2104 ὄλβιοι
861 2063 990 2105 ἥρωες,
1017 2063 1080 2097 cfr.
1107 2061 1243 2097 Esiodo
1271 2060 1342 2102 ἔργ.
1370 2061 1437 2095 169
1462 2060 1568 2095 Pind.
1596 2059 1652 2095 01.
1678 2059 1712 2102 2,

235 2123 303 2158 128
329 2134 348 2158 e
374 2123 548 2165 Luciano‚
580 2124 674 2156 Vera
702 2123 783 2156 hist.
813 2122 846 2163 2,
876 2121 908 2155 5.
941 2141 987 2145 -
1061 2120 1146 2155 551.
1179 2122 1267 2154 istoc
1293 2133 1338 2145 =
1363 2121 1402 2153 in
1427 2121 1536 2153 istum
1561 2129 1712 2162 ayrum:

234 2182 254 2215 e
283 2192 305 2215 a
338 2183 469 2224 questo
507 2191 616 2215 nome
655 2180 722 2214 che
763 2179 792 2214 si
831 2179 998 2213 riferisce
1036 2178 1063 2212 il
1101 2180 1161 2221 qui
1198 2177 1258 2212 del
1297 2188 1401 2211 verso
1440 2178 1631 2220 seguente.
1667 2192 1711 2198 -

236 2238 332 2273 552.
357 2241 418 2282 qui
442 2241 577 2282 quidem
595 2252 636 2264 τα-
653 2240 685 2272 si
709 2239 849 2281 quidem
874 2249 970 2280 ayer,
998 2236 1060 2271 cfr.
1087 2237 1184 2270 Men.
1210 2236 1279 2270 204
1303 2236 1364 2279 qui
1388 2237 1526 2278 quidem
1551 2234 1599 2268 ad
1621 2245 1713 2268 men-

235 2299 413 2331 dicitatem
438 2309 473 2331 se
496 2301 688 2340 properent
714 2297 910 2329 detrudere.
946 2294 1083 2336 Queste
1109 2294 1236 2338 parole
1263 2295 1432 2327 mettono
1457 2291 1713 2336 leggermente

235 2355 275 2388 in
301 2355 437 2389 dubbio
464 2355 501 2389 la
525 2355 647 2389 verita,
672 2354 770 2388 delle
798 2353 1050 2388 aflei-mazioni
1077 2352 1114 2386 di
1140 2351 1313 2393 StasimQ
1339 2362 1358 2385 e
1384 2350 1508 2395 percio
1527 2349 1650 2394 questi
1667 2360 1714 2383 ne

237 2413 355 2457 piglia
381 2413 503 2448 subito
541 2415 706 2456 pretiesto
745 2423 811 2457 per
841 2411 1134 2451 rieonfermarle,
1164 2409 1434 2444 rincarandone
1473 2409 1511 2443 la
1544 2408 1643 2443 dose.
1670 2427 1715 2432 -—

237 2474 354 2514 istius,
393 2471 454 2505 cfr.
494 2472 632 2505 Introd.
670 2471 775 2514 Capt.
814 2469 996 2504 XXXVII.
1023 2485 1068 2492 ·-·
1165 2467 1260 2502 554.
1298 2466 1716 2511 quamvis=quamlibet

242 2527 256 2542 ⁴⁶
272 2529 485 2573 qualunque
505 2557 533 2571 „,
559 2530 622 2564 cfr.
642 2542 676 2563 n.
693 2529 772 2565 380.
798 2549 842 2553 -
868 2539 1023 2572 quaeras
1051 2524 1119 2562 “tu
1145 2537 1255 2571 possa
1280 2526 1418 2561 andare
1443 2525 1483 2560 in
1501 2535 1607 2560 cerea
1624 2551 1653 2567 „.
1675 2540 1712 2546 -

241 2587 336 2622 555.
362 2589 419 2621 illi
436 2589 577 2629 :illim
605 2588 668 2621 cfr.
695 2600 729 2622 n.
757 2587 836 2622 530.
863 2586 1008 2621 Filtone
1033 2596 1161 2630 pensa,
1187 2585 1254 2620 che
1280 2595 1353 2619 uno
1378 2582 1530 2619 schiavo
1555 2581 1678 2617 simile
1695 2592 1719 2616 a
