1818 2973
190 120 254 157 138
776 134 816 160 m.
840 134 923 160 Acct
945 134 1079 162 Ριωτι

184 213 258 254 ΟΔ.
286 208 430 265 Siquid
458 214 640 256 amioum
668 213 771 267 erge
798 216 905 257 bene
931 216 1009 257 feci
1038 218 1114 257 aut
1140 214 1329 258 consului
1358 217 1552 269 fideliter,

289 286 381 330 Non
409 289 557 332 uideor
585 285 788 332 meruisse
816 291 995 339 laudem,
1026 287 1149 344 etilpa
1179 293 1366 335 caruisse
1390 292 1585 336 Arbitror.
1615 324 1631 348 ³

289 362 396 406 Nem
423 365 676 407 beneficium
717 364 875 406 homini
918 366 1133 418 proprium
1170 366 1279 420 quod
1320 369 1458 419 datur,
1487 366 1658 422 prostim

1370 446 1498 496 perit:
1555 447 1658 486 1130

289 500 405 564 Quod
420 515 563 556 datum
580 517 833 566 utendumst‚
849 512 890 557 id
905 518 1129 569 repetundi
1157 516 1327 570 copiast,
1348 517 1514 570 quando
1541 520 1657 561 uelit.

184 592 259 631 Cn.
287 584 360 632 Est
386 591 445 631 ita
473 594 521 631 ut
549 593 595 631 tu
624 587 741 632 dicis.
795 593 875 633 Sed
905 604 982 645 ego
1010 593 1090 634 hoo
1118 592 1281 645 nequeo
1309 589 1455 635 mirari
1483 595 1595 644 satis,

292 662 395 706 Efim
423 677 612 708 sororem
641 665 905 719 despondisse
932 680 1052 709 suam
1079 664 1122 709 in
1150 672 1236 710 tam
1265 670 1415 711 fortem
1444 668 1658 711 feimiliam.

185 743 259 782 CA.
288 739 458 783 Liisiteli
489 740 657 794 quidem
686 744 891 785 Philtonis
919 739 1024 785 filio.
1058 746 1136 787 Lv.
1157 747 1276 786 Enim
1296 757 1362 787 me
1380 744 1579 787 nominat.
1599 776 1631 800 ,ο

185 818 259 858 CH.
289 816 506 859 Familiam
534 822 749 870 optumam
777 817 1011 871 occupauit.
1093 822 1170 862 ΙΝ.
1198 816 1303 869 Quid
1331 833 1409 874 ego
1436 833 1553 863 cesso
1579 821 1657 863 hos

1283 893 1498 947 conloquii
1555 898 1658 937 1135

291 968 372 1010 Sed
400 981 593 1011 maneam
621 971 760 1019 etiam,
790 965 959 1021 opinor:
989 981 1170 1022 namque
1198 970 1278 1013 hoc
1306 969 1568 1013 commodum
1595 982 1657 1013 or·

1387 1042 1503 1088 ditlir
1531 1047 1660 1098 loqui.

185 1158 253 1196 0110
277 1159 343 1206 qui
367 1160 418 1196 ha.
440 1160 552 1205 luogo
577 1161 627 1196 ha
651 1160 832 1196 riscontro
857 1160 897 1196 in
922 1173 972 1196 un
998 1172 1103 1197 verso
1136 1161 1235 1197 della
1263 1161 1470 1204 Vidularia‚
1509 1162 1602 1198 dove
1627 1159 1660 1197 si

185 1218 316 1264 legge:
354 1220 470 1254 moine
498 1232 557 1255 vos
589 1222 791 1255 habitatis?
825 1220 867 1256 G.
894 1222 1000 1256 Hisce
1037 1223 1076 1256 in
1115 1221 1288 1256 aedibus:
1320 1222 1387 1256 huc
1411 1222 1588 1256 adducito.
1613 1239 1660 1246 —

185 1276 293 1313 1129.
319 1276 358 1313 Si
382 1278 462 1314 noti
488 1278 515 1313 il
540 1278 690 1323 triplice
724 1279 888 1314 chiasmo
915 1279 981 1314 che
1006 1279 1055 1314 ha.
1080 1280 1190 1324 luogo
1216 1279 1257 1314 in
1281 1281 1413 1324 questo
1439 1290 1545 1315 verso
1559 1289 1569 1323 ;
1595 1279 1659 1314 cfr.

187 1336 253 1372 701
282 1346 302 1371 e
326 1347 393 1382 per
417 1336 455 1371 la
479 1337 667 1381 posizione
693 1337 754 1372 del
771 1349 842 1371 non
860 1337 964 1382 Capi„
982 1350 1018 1372 11.
1038 1338 1117 1373 575.
1135 1355 1180 1361 -
1229 1337 1336 1372 1130.
1355 1338 1469 1374 Senso
1485 1350 1493 1373 z
1511 1337 1658 1382 quando

187 1393 219 1430 si
242 1394 341 1430 dona.
363 1406 440 1430 una
464 1406 550 1430 cosa
574 1395 614 1430 in
638 1395 830 1440 proprieta
855 1396 902 1430 ad
927 1407 977 1430 un
1003 1395 1110 1439 altro,
1137 1406 1218 1431 essa
1243 1407 1290 1431 va
1315 1395 1444 1432 affatto
1480 1396 1660 1440 perdutaz

186 1452 335 1497 quando
360 1452 491 1488 inveoe
516 1452 548 1489 si
573 1453 621 1488 ἀὲ,
645 1453 685 1488 111
702 1453 871 1498 prestito,
889 1453 920 1488 si
938 1453 987 1488 ha
1004 1465 1149 1498 sempre
1169 1454 1197 1488 il
1216 1453 1358 1497 diritto,
1377 1454 1524 1498 quando
1541 1454 1660 1499 piace,

187 1511 226 1546 di
250 1511 538 1546 ridomandarla.
566 1511 616 1546 Or
640 1511 772 1556 poiche
799 1523 820 1546 a
845 1511 898 1546 lui
924 1511 951 1546 il
977 1513 1101 1547 tesoro
1125 1523 1200 1548 non
1225 1523 1290 1547 era
1315 1514 1412 1548 stato
1445 1515 1563 1557 punto
1597 1512 1660 1548 do·

186 1571 287 1612 nato,
314 1571 389 1605 cosi
415 1569 490 1614 egli
515 1581 589 1605 non
615 1581 734 1605 aveva
758 1570 867 1605 alcun
885 1569 1019 1605 merito
1039 1581 1060 1605 a
1077 1570 1295 1606 restituirlo.
1311 1587 1357 1594 —
1367 1573 1563 1615 proprium
1584 1568 1597 1583 ¹
1618 1570 1658 1605 in

186 1627 378 1673 proprietii.
399 1655 413 1671 ,
440 1641 486 1655 =
503 1630 594 1663 dono
619 1630 717 1663 dare.
744 1645 787 1651 —
811 1639 959 1672 prosum
985 1639 1052 1672 per
1070 1640 1245 1672 prorsum
1271 1627 1472 1664 s'incontra
1488 1628 1657 1673 frequen-

186 1687 354 1722 temente
378 1686 441 1721 nei
466 1698 551 1721 mss.
578 1697 599 1721 e
623 1686 723 1721 110110
747 1686 944 1728 iscrizioni,
970 1686 1006 1721 al
1031 1686 1113 1730 pari
1138 1686 1176 1721 di
1201 1698 1327 1721 rusum
1362 1698 1430 1731 per
1464 1698 1613 1721 rursum
1638 1697 1658 1721 0

187 1744 226 1780 di
250 1756 373 1780 susum
398 1755 464 1790 per
489 1756 645 1787 sursum,
671 1745 735 1780 cfr.
761 1757 797 1779 11.
823 1744 879 1779 37.
905 1764 950 1769 -—
965 1756 1114 1788 prosum
1125 1746 1224 1788 perit
1240 1756 1307 1789 per
1317 1746 1584 1789 prosumpserit
1599 1743 1661 1779 dei

187 1802 316 1844 codici,
343 1804 363 1838 0
389 1803 526 1838 dovuto
553 1814 575 1843 a,
600 1814 674 1837 una
701 1802 811 1838 felice
829 1802 1093 1837 emendazione
1111 1802 1170 1837 del
1190 1802 1360 1837 Boxhorn
1375 1813 1383 1837 ε
1401 1802 1565 1846 l'Ussing
1578 1812 1661 1837 con-

184 1863 336 1905 gettura
354 1873 427 1906 pro
447 1873 509 1896 suo
529 1863 734 1906 sumpserit.
759 1878 794 1884 -—
847 1859 945 1895 1131.
964 1863 1132 1895 utendum
1148 1862 1236 1895 dare
1257 1858 1271 1873 ⁸
1293 1860 1381 1896 dare
1398 1860 1438 1895 in
1454 1860 1612 1905 prestito
1631 1872 1660 1904 ,ς

187 1919 252 1955 cfr.
277 1919 361 1955 Aul.
387 1919 420 1962 2,
445 1921 479 1961 4,
505 1920 550 1955 32
576 1921 745 1954 utendum
770 1931 911 1963 royare,
934 1919 1031 1954 Men.
1059 1919 1125 1954 657
1152 1920 1214 1954 sed
1238 1931 1297 1963 eyo
1323 1920 1424 1953 illam
1450 1931 1521 1954 non
1536 1921 1661 1954 condo-

186 1980 281 2020 navi,
306 1979 367 2013 sed
391 1980 443 2012 sic
467 1980 633 2012 utendam
659 1980 749 2012 dedi.
775 1978 1002 2013 Vei-amente
1021 1978 1048 2012 il
1065 1980 1186 2013 tesoro
1204 1989 1279 2012 non
1298 1988 1361 2012 era.
1378 1979 1475 2013 stato
1493 1979 1660 2021 prestato

186 2048 208 2072 a
234 2036 400 2078 Callicle,
429 2037 565 2081 perche
600 2036 676 2080 egli
712 2038 860 2080 potesse
898 2036 1128 2077 servirsene;
1161 2046 1224 2070 ma
1260 2046 1324 2070 era
1361 2037 1459 2071 stato
1497 2035 1661 2071 soltanto

187 2094 341 2130 affidato
367 2094 440 2130 alle
468 2105 531 2129 sue
560 2104 657 2129 cure.
682 2093 745 2128 Ma
769 2093 928 2137 bisogna
952 2093 1138 2129 avvertire
1165 2093 1230 2128 che
1257 2093 1283 2127 il
1311 2106 1344 2128 v.
1381 2090 1395 2106 ⁸
1417 2096 1584 2137 prestare
1606 2121 1620 2138 ,
1641 2095 1662 2130 0

188 2152 253 2197 qui
278 2153 326 2187 da.
350 2152 484 2187 Plauto
511 2151 713 2195 adoperato
739 2151 1042 2195 genericamente
1069 2149 1108 2184 in
1133 2161 1240 2185 senso
1267 2152 1423 2195 opposto
1442 2162 1464 2185 a
1480 2150 1606 2195 quello
1624 2150 1663 2186 di

191 2210 205 2224 ⁸
226 2211 365 2247 donare
387 2237 416 2254 ‚.
441 2227 485 2233 —
511 2212 613 2254 copia
642 2207 654 2222 ⁸
676 2208 891 2254 possibilitii
911 2235 939 2251 „.
966 2227 1011 2233 —
1036 2210 1176 2252 quando
1202 2210 1292 2250 velit,
1319 2208 1376 2244 001
1405 2208 1547 2244 codici:
1583 2208 1662 2245 eolo

186 2268 412 2304 l'Orsiniano
437 2269 487 2303 ha
510 2270 605 2303 velis.
622 2289 663 2294 —
729 2266 836 2302 1132.
861 2278 1001 2311 nequeo,
1028 2266 1084 2302 001
1110 2266 1266 2308 Merula,
1291 2278 1358 2311 per
1383 2273 1496 2302 metuo
1519 2267 1580 2302 dei
1606 2278 1661 2303 co·

187 2328 274 2363 diei.
301 2345 343 2351 -
380 2326 488 2362 1133.
514 2328 751 2371 despondisse,
777 2326 841 2361 cfr.
861 2326 940 2361 605.
967 2342 1011 2348 —
1035 2327 1164 2369 fortem
1181 2338 1227 2352 =
1244 2327 1385 2359 divitem
1410 2331 1441 2360 et
1465 2327 1661 2370 copiosam3

187 2385 281 2421 Non.
307 2396 343 2431 p.
370 2385 450 2427 306,
477 2386 530 2421 14.
557 2404 602 2410 —-
651 2383 758 2419 1134.
785 2386 888 2425 enim,
915 2383 978 2418 cfr.
1004 2394 1040 2417 11.
1067 2383 1146 2418 705.
1164 2399 1209 2406 -
1257 2382 1364 2418 1135.
1382 2395 1555 2428 occupare
1573 2380 1587 2396 ¹
1607 2386 1664 2420 esi:

188 2444 304 2481 etiam
328 2443 510 2487 invenire,
535 2445 666 2479 ‘neuere
691 2443 752 2478 vel
776 2442 967 2487 possidere
989 2469 1003 2485 ‚
1031 2440 1163 2483 Nonio,
1189 2453 1224 2485 p.
1250 2441 1330 2477 335.
1349 2458 1394 2465 -—
1465 2440 1573 2478 1136.
1591 2454 1663 2477 ma·

188 2515 312 2539 neam:
337 2501 366 2537 il
391 2514 496 2546 cong.
524 2501 727 2538 esortativo
754 2501 786 2536 si
811 2501 974 2545 adopera
998 2499 1115 2535 anche
1142 2499 1239 2535 colla
1263 2499 1385 2544 prima
1419 2511 1578 2545 persona
1601 2499 1664 2536 del

188 2561 386 2607 singulare,
412 2561 448 2596 al
473 2561 556 2605 pari
582 2561 649 2596 0110
674 2560 713 2595 111
731 2571 864 2604 greco;
893 2559 956 2595 cfr.
983 2558 1091 2594 Most.
1119 2558 1151 2600 3,
1181 2558 1258 2601 162,
1277 2558 1298 2593 2
1318 2570 1493 2594 maneam.
1511 2578 1556 2585 —
1573 2570 1665 2594 com·

189 2622 351 2662 modum
378 2620 443 2655 cfr.
467 2631 504 2654 11.
529 2619 609 2655 400.
636 2637 680 2643 -
705 2619 810 2664 Dopo
836 2618 874 2653 dj
900 2620 1032 2662 questo
1058 2628 1163 2653 verso
1190 2617 1218 2652 11
1244 2617 1366 2662 Bergk
1391 2619 1572 2654 ammette
1596 2617 1664 2653 che
