1818 2973
253 129 299 164 80
842 143 881 167 Μ.
905 142 989 167 Acm
1012 143 1145 169 PLAUTI

359 221 439 261 Sed
468 221 508 261 id
536 223 569 262 si
598 220 821 269 &lienatun
850 220 1032 263 ectumst
1060 224 1112 264 de
1139 222 1247 264 00116
1275 235 1391 266 meo:
1649 229 1728 268 595

358 296 612 338 Gestassmdust
641 309 817 349 peregre
843 295 1028 349 clupeus,
1057 300 1190 350 galea,
1219 298 1400 341 sarcina.

358 367 541 423 Effugiet
568 384 622 413 ex
651 373 768 419 urbe,
798 369 866 413 ubi
896 376 1022 414 erunt
1050 374 1188 415 factae
1216 371 1409 427 nuptiae:

358 443 436 489 Ibit
461 446 567 488 istac
594 448 735 498 aliquo
763 448 805 487 in
835 446 1074 489 mexumam
1104 449 1256 490 malem
1286 462 1458 492 crucem

359 520 687 568 Latrdcinatum,
716 526 790 563 aut
817 518 860 563 in
889 525 1030 565 Asiam
1060 529 1133 565 aut
1160 526 1204 565 in
1231 522 1433 567 Ciliciam.

357 598 427 636 Ibo
455 593 540 638 huc
559 609 640 648 quo
661 598 762 638 mihi
783 598 1086 650 imperiatum&
1107 601 1185 641 etsi
1205 601 1272 641 odi
1291 599 1403 642 hzinc
1423 602 1603 651 domum,
1648 605 1728 643 600

357 674 581 722 Postquam
609 669 855 715 exturbauit
882 671 954 716 hic
981 687 1055 716 nos
1082 677 1237 717 nostris
1265 674 1449 717 aedibus·
1648 707 1700 731 200

1650 332 1700 356 1⁹5

856 852 1025 890 ACTUS
1054 851 1122 890 111.

720 971 977 1010 CAmeLns.
1031 970 1263 1011 STAsuuvs.

253 1088 326 1126 CA.
355 1084 566 1132 Qu6modo
593 1089 638 1126 tu
670 1087 789 1135 istuc,
820 1085 1008 1136 Stesime,
1038 1087 1175 1127 dixti?
1255 1090 1323 1128 ST.
1355 1087 1553 1129 Ndstrum
1581 1090 1728 1130 erilem

1590 1161 1727 1205 filium

253 1283 460 1320 commedie
485 1284 523 1319 di
548 1284 694 1320 Plauto:
724 1282 738 1297 ⁸
759 1296 822 1320 eas
839 1285 977 1321 formas
995 1296 1078 1321 cum
1096 1286 1227 1322 aoristi
1245 1285 1471 1322 Graecorum
1489 1286 1617 1323 formis
1633 1298 1729 1331 quae

253 1344 341 1377 sunt
354 1342 451 1384 φὺω,
469 1342 581 1384 φύῃς,
594 1343 682 1384 φύῃ.
695 1344 817 1385 φύωσι
836 1344 1003 1380 conferre
1015 1356 1210 1388 possumus
1222 1372 1251 1388 „.
1265 1344 1425 1387 Curtius,
1439 1345 1584 1387 Stud.5,
1599 1356 1635 1390 p.
1648 1345 1736 1389 437,-

252 1401 298 1436 de
325 1401 457 1436 aoristi
480 1401 606 1436 Latini
631 1402 812 1447 reliquiis,
839 1413 989 1438 osserva
1015 1403 1081 1437 che
1107 1405 1239 1447 queste
1263 1403 1380 1438 forme
1406 1415 1481 1439 non
1504 1403 1630 1439 hanno
1647 1415 1728 1448 pro-

251 1459 462 1504 priamente
488 1459 515 1493 il
543 1460 668 1494 valore
694 1459 732 1494 di
758 1462 825 1494 sim
851 1472 912 1494 ma
938 1460 975 1494 di
998 1462 1063 1503 fiat
1088 1471 1108 1495 0
1135 1472 1227 1505 pure
1261 1461 1299 1495 di
1329 1460 1508 1503 Υὲνωμαιε
1535 1461 1656 1497 sicche
1681 1462 1729 1497 ad

252 1529 303 1552 es.
328 1517 356 1551 il
382 1529 424 1551 ne
447 1520 532 1561 fuas
558 1517 618 1552 del
645 1529 677 1551 v.
703 1518 769 1553 267
801 1518 988 1553 dovrebbe
1023 1530 1124 1554 esser
1158 1518 1325 1554 tradotbo
1354 1530 1422 1563 per
1455 1518 1502 1559 μὴ
1526 1518 1657 1558 γένοιο.
1688 1536 1724 1542 -

251 1588 291 1610 ea
316 1588 366 1618 re,
393 1576 488 1611 collo
515 1575 702 1621 Scioppio,
728 1587 795 1620 per
820 1579 885 1611 dea
912 1588 932 1611 0
959 1579 999 1611 de
1028 1579 1094 1611 hac
1122 1589 1162 1612 re
1187 1577 1247 1612 dei
1273 1577 1389 1619 codd.,
1422 1577 1486 1611 cfr.
1515 1589 1551 1612 n.
1580 1578 1658 1612 157.
1685 1595 1727 1600 -

253 1633 347 1668 595.
373 1636 434 1668 εέᾱ
463 1636 501 1668 {d
529 1636 572 1677 si,
599 1634 655 1669 coi
685 1634 815 1676 codici,
841 1646 909 1679 per
933 1637 994 1669 sed
1017 1638 1051 1669 si
1075 1636 1136 1670 del
1166 1634 1391 1677 Camerario,
1418 1646 1437 1669 e
1462 1646 1529 1679 per
1552 1637 1587 1669 si
1611 1637 1643 1669 is
1667 1635 1728 1670 del

251 1693 406 1727 Ritschl.
431 1712 477 1717 —
501 1694 588 1728 collo
612 1693 661 1727 ha
686 1693 750 1737 qui
777 1693 914 1738 doppio
933 1704 1052 1735 senso,
1071 1693 1198 1737 quello
1224 1693 1289 1737 piu
1314 1693 1491 1736 generale
1516 1693 1555 1728 di
1582 1690 1596 1706 ‘⁴
1614 1693 1695 1727 vita.
1711 1720 1725 1736 ,

251 1762 269 1785 e
297 1751 419 1786 l'altro
445 1750 510 1795 piu
535 1751 760 1795 particolare
780 1762 799 1786 e
818 1751 883 1796 piu
902 1751 1052 1795 proprio
1071 1751 1109 1786 di
1131 1749 1144 1763 “
1162 1751 1269 1792 collo,
1288 1750 1405 1794 spalle
1425 1773 1454 1792 „.
1477 1768 1513 1772 —
1567 1749 1663 1785 597.
1680 1752 1728 1794 ef-

247 1810 370 1852 fuyiet,
396 1812 483 1844 sott.
509 1809 537 1843 il
563 1809 738 1852 padrone.
765 1827 808 1832 -
852 1809 946 1843 598.
966 1814 1066 1850 istac,
1093 1809 1150 1844 coi
1180 1808 1311 1849 codici,
1328 1820 1396 1853 per
1412 1811 1533 1843 statim
1551 1811 1728 1853 proposto

247 1867 310 1902 dal
335 1867 434 1902 Brix.
461 1885 503 1889 —
554 1867 649 1902 599.
676 1869 956 1902 latrocinatum:
989 1879 1093 1903 come
1114 1869 1208 1902 latro
1227 1867 1465 1911 corrisponde
1491 1867 1530 1901 in
1549 1866 1680 1902 Plauto
1706 1878 1729 1902 a.

247 1923 472 1966 ιμσθοφόρος
510 1923 780 1968 “mercenari0‚
814 1926 959 1962 soldaio
994 1926 1031 1960 di
1064 1928 1223 1961 ventura
1237 1951 1267 1969 „,
1300 1927 1376 1960 cosi
1408 1927 1626 1960 latrocinari
1656 1924 1727 1967 (λα-

247 1981 404 2024 τρεύειν)
429 1984 666 2028 corrisponde
686 1996 708 2019 a,
725 1986 961 2025 μισθοφορεῖν
991 1982 1004 1997 “
1023 1986 1122 2019 stare
1140 1983 1176 2018 al
1194 1984 1295 2019 soldo
1314 1983 1351 2017 di
1369 1995 1419 2017 un
1437 1982 1671 2018 condottiero
1686 2010 1700 2025 „
1720 1999 1728 2021 :

247 2036 310 2071 cfr.
338 2038 482 2080 Bacch,
509 2040 553 2075 20
580 2042 754 2074 latronem
779 2051 881 2074 suam
898 2040 959 2083 qui
976 2051 1067 2074 auro
1086 2042 1195 2073 vitam
1220 2041 1381 2073 venditet.
1408 2058 1453 2062 ——
1478 2038 1549 2073 Nel
1573 2037 1728 2083 periodo

247 2095 286 2130 in
312 2096 372 2131 cui
396 2097 480 2132 fiori
507 2097 543 2131 la
568 2109 690 2132 nuova
717 2097 927 2132 commedia
952 2097 1080 2138 attica,
1106 2097 1145 2131 fu
1175 2096 1214 2131 in
1247 2108 1343 2140 voga
1376 2107 1502 2140 presso
1527 2095 1540 2130 i
1567 2096 1729 2141 principi

248 2165 267 2189 e
293 2154 305 2188 i
331 2166 383 2198 re,
409 2155 476 2191 che
502 2155 533 2191 si
552 2167 642 2190 eran
667 2156 787 2191 diviso
815 2155 988 2200 l'impero
1015 2155 1052 2189 di
1079 2155 1317 2196 Alessandro,
1344 2154 1382 2189 di
1408 2154 1598 2190 arruolare
1623 2156 1729 2190 vaste

246 2214 467 2258 compagnie
482 2213 520 2248 di
536 2214 754 2255 mercenari,
769 2214 798 2248 il
825 2213 885 2249 cui
911 2213 1154 2257 contingente
1172 2224 1236 2248 era
1252 2213 1530 2248 naturalmente
1547 2213 1636 2248 dato
1662 2224 1730 2257 per

247 2271 423 2306 massima
448 2274 556 2316 parte
582 2272 644 2306 dai
673 2271 886 2316 vagabondi
914 2283 933 2307 e
961 2272 1009 2306 da
1033 2273 1134 2306 tutta
1156 2271 1195 2306 la
1218 2273 1331 2315 gente
1356 2271 1541 2312 rovinata‚
1568 2271 1635 2306 che
1653 2282 1728 2306 cor-

246 2341 383 2365 revano
403 2331 449 2365 ad
475 2331 676 2366 arruolarsi
703 2334 800 2366 sotto
827 2330 862 2366 le
888 2330 1068 2365 bandiere
1095 2330 1133 2364 di
1159 2330 1317 2375 qualche
1335 2341 1429 2373 gran
1446 2329 1634 2373 capitano,
1652 2330 1729 2365 cosi

246 2398 350 2423 come
369 2399 433 2423 ora
449 2389 618 2433 pigliano
633 2390 670 2424 la
686 2389 746 2424 via
758 2389 856 2424 delle
871 2388 1069 2424 Americhe
1087 2399 1154 2432 per
1171 2388 1228 2423 far
1245 2388 1407 2423 fortuna.
1429 2404 1464 2410 ·-
1533 2386 1629 2422 600.
1647 2398 1724 2432 quo,

247 2446 332 2480 sott.
360 2451 398 2479 ut
414 2449 514 2481 irem.
540 2464 585 2470 —
682 2446 768 2482 601.
795 2448 862 2488 hic,
889 2446 989 2481 colui
1014 2446 1081 2481 che
1107 2446 1145 2480 la,
1161 2445 1333 2489 possiede
1350 2446 1665 2489 presentemente.
1683 2461 1728 2468 —-

247 2502 285 2537 L'
300 2502 498 2539 intervallo
523 2506 583 2539 bra
608 2506 741 2549 questo
768 2516 787 2540 e
813 2505 920 2539 l’atto
946 2504 1012 2539 che
1039 2514 1153 2548 segue
1180 2514 1242 2538 era
1268 2502 1547 2537 naturalmente
1565 2502 1727 2538 colmato

246 2562 349 2597 dalla
375 2562 516 2597 musica
530 2576 537 2603 ;
565 2564 628 2598 cfr.
654 2563 787 2598 Pseud.
813 2563 881 2598 573
905 2564 1031 2597 tibicen
1056 2574 1116 2597 vos
1141 2564 1279 2596 interea
1304 2563 1361 2596 hic
1386 2562 1617 2596 oblectaverit.

292 2620 397 2656 Atto
435 2620 496 2655 111.
524 2620 619 2655 602.
646 2621 826 2664 qzcdmodb,
853 2621 917 2656 cfr.
942 2620 1082 2656 Introd.
1109 2620 1215 2664 Capt.
1233 2618 1397 2654 XXXIV.
1416 2636 1459 2641 —
1478 2623 1642 2654 nostrum
1658 2618 1727 2652 eria
