1872 2968
0 0 80 141 ,ἔκ
514 116 734 142 ‘rmnvmxvs
756 116 781 146 1,
802 105 837 145 2,
862 103 1040 139 132-150
1472 105 1514 140 31

153 192 387 240 Thensauri
417 209 554 243 causa,
586 200 631 236 ut
659 195 818 236 saluom
847 196 981 236 amico
1002 194 1227 235 traderem.
1442 197 1517 235 180

155 277 299 324 Neque
326 272 431 326 adeo
460 273 586 314 hasce
615 273 695 318 emi
727 268 827 311 mihi
858 282 939 319 nec
967 269 1122 311 usurae
1151 281 1291 329 meae:

158 344 222 389 Illi
250 340 406 388 redemi
436 359 593 394 rusum,
622 358 646 387 a
677 359 743 387 me
770 341 992 397 argentum
1018 326 1123 386 dedi.
1443 374 1492 397 ,45

156 425 268 463 Haeo
297 419 411 462 sunt:
439 424 473 462 si
503 426 619 463 recte
647 434 720 462 seu
750 432 952 476 peruorse
977 402 1088 477 secla
1115 424 1223 478 sunt,

159 501 242 549 Ego
269 495 336 537 me
366 499 510 538 fecisse
540 496 750 544 confiteor,
779 494 1080 547 Megaronides.

159 583 232 620 Em
262 562 353 620 mea
383 575 596 619 malefacta
623 576 759 630 1‚em
790 589 923 618 meam
955 577 1179 617 auaritiz'im
1209 578 1518 628 [111185

159 652 291 695 Hasce
320 654 420 693 mihi
450 658 620 704 propter
648 652 716 693 res
745 654 875 692 malas
895 651 1032 711 sames
1062 653 1229 728 ferunt}

54 736 136 773 ΜΕ.
172 714 367 771 Παῦσαιῑ
397 729 531 768 uicisti
560 725 854 779 cestigatorem
882 731 1009 768 tuom.
1443 758 1492 782 ¹50

54 967 87 989 v.
113 954 193 988 375.
218 970 260 976 -·
286 956 327 986 εᾶ
348 953 499 995 pecunia
527 949 540 963 ‘¹
562 950 589 984 11
614 952 735 985 tesoro
754 951 924 984 naseosto
942 975 971 992 ,.
1001 966 1038 972 -
1089 948 1166 983 181.
1191 961 1300 994 neque
1324 951 1410 984 adeo
1437 948 1450 963 ‘³
1472 951 1519 986 ne

52 1012 199 1052 inoItre,
237 1021 256 1045 e
293 1021 489 1045 nemmeno
508 1022 546 1051 „;
573 1009 636 1043 cfr.
663 1008 767 1052 Capt.
805 1009 883 1042 345.
925 1025 960 1030 —
1049 1006 1136 1042 182.
1161 1009 1410 1049 illi=amico‚
1441 1009 1520 1044 cioe

57 1070 253 1105 Chammdi.
286 1085 332 1090 -·
367 1079 491 1101 rusum
518 1069 536 1101 e
561 1078 634 1101 una
659 1067 777 1101 forma
802 1068 981 1101 attestata
995 1065 1054 1100 dai
1068 1065 1187 1100 nostri
1212 1066 1330 1101 codici
1356 1067 1520 1111 migliori

54 1139 121 1172 per
145 1128 209 1170 piii
233 1125 270 1159 di
295 1137 345 1158 un
370 1125 480 1167 luogo
506 1124 542 1158 di
568 1124 700 1158 Plauto
727 1135 745 1158 e
772 1134 883 1158 ancor
908 1123 945 1157 di
971 1123 1059 1158 altri
1085 1123 1187 1167 poeti
1212 1124 1332 1164 latini,
1359 1125 1404 1159 ed
1422 1126 1441 1160 e
1460 1125 1520 1160 do·

55 1187 143 1219 vuta
167 1183 213 1217 ad
237 1182 572 1216 un'assimilazione
599 1181 659 1216 del
683 1192 826 1225 gruppo
852 1193 917 1215 ·rs-
952 1181 990 1214 di
1028 1193 1175 1215 rursum
1212 1183 1251 1216 in
1286 1194 1361 1218 -ss-.
1387 1183 1428 1217 In
1454 1183 1520 1218 Lu-

51 1241 168 1277 crezio
193 1240 224 1274 si
250 1242 405 1274 trovano
432 1251 567 1279 rusum,
592 1242 769 1273 introsum
795 1249 813 1273 e
834 1250 996 1282 prosum,
1024 1250 1042 1273 e
1068 1239 1095 1273 il
1121 1239 1345 1282 Lachmann,
1380 1252 1414 1284 p.
1442 1242 1519 1281 144,

51 1299 237 1343 aggiunge
263 1297 302 1332 in
326 1299 595 1341 notaaqueste
622 1297 762 1331 forme:
804 1295 816 1308 “
836 1296 905 1331 hac
931 1297 1117 1331 scribendi
1143 1298 1287 1332 ratione
1317 1309 1391 1342 qua
1416 1310 1437 1332 r
1461 1298 1519 1334 111-

51 1360 133 1393 tera.
157 1358 241 1400 post
266 1355 431 1390 vocalem
458 1355 606 1398 longam
626 1354 778 1389 eliditur
793 1354 889 1388 nihil
907 1355 1094 1399 vulgatius
1114 1358 1168 1390 est
1186 1382 1214 1398 ‚.
1241 1373 1270 1378 -·
1312 1368 1333 1390 α
1351 1369 1403 1391 me
1431 1354 1444 1369 ‘¹
1463 1356 1519 1392 301

52 1414 142 1448 miei
164 1413 292 1457 propri
317 1413 440 1454 mezzi,
465 1413 526 1447 dal
551 1412 625 1447 mio
651 1413 797 1455 privato
823 1412 1047 1457 patrimonio
1070 1439 1098 1455 ‚.
1125 1431 1168 1435 —·
1268 1413 1354 1448 183.
1381 1416 1518 1457 si-seu,

52 1483 155 1507 come
181 1470 220 1505 in
244 1481 353 1515 greco
379 1470 408 1504 εἰ
426 1488 461 1492 -
479 1470 560 1512 εἴτε,
586 1472 605 1505 e
631 1469 669 1505 13
692 1471 849 1505 formola
875 1470 1105 1512 disgiuntiva
1135 1471 1200 1506 che
1227 1472 1437 1516 adoperano
1463 1484 1517 1508 co-

51 1532 300 1564 stantemente
339 1529 469 1563 Plauto
495 1539 514 1563 e
540 1528 716 1563 Terenzio
742 1529 780 1562 in
806 1529 915 1572 luogo
942 1529 980 1563 di
1004 1532 1194 1564 sive-sice.
1226 1548 1268 1552 -
1342 1530 1428 1565 185.
1454 1544 1517 1572 em,

50 1587 114 1621 cfr.
139 1598 175 1621 n.
202 1587 233 1621 3.
263 1603 300 1608 ——
330 1588 541 1628 malefacta:
567 1586 594 1620 il
621 1586 773 1627 Ritschl,
801 1586 932 1630 opusc.
960 1588 991 1628 2,
1019 1587 1097 1628 720,
1122 1599 1287 1631 propone
1305 1588 1341 1622 di
1360 1589 1518 1624 scrivere

50 1646 230 1687 malfacta,
255 1643 515 1688 sull'analogia
540 1645 578 1678 <li
603 1646 810 1687 benefactum,
837 1644 876 1679 in
902 1645 992 1679 tutti
1018 1645 1104 1689 quei
1130 1646 1258 1689 luoghi
1275 1647 1367 1681 dove
1385 1647 1517 1683 Plauto

52 1704 72 1736 3
97 1704 193 1736 stato
219 1704 397 1737 eostretto
423 1702 483 1736 dal
511 1705 628 1737 metro
659 1714 680 1737 a
704 1714 778 1737 non
809 1702 1011 1747 adoperare
1038 1703 1072 1737 le
1099 1703 1215 1738 forme
1249 1704 1517 1748 proceleusma-

51 1759 150 1794 113113
175 1759 382 1801 maleficium
408 1769 427 1792 e
453 1760 661 1801 beneficium.
688 1759 725 1794 Si
751 1760 832 1794 noti
871 1760 936 1794 che
975 1761 1002 1794 11
1040 1761 1197 1796 secondo
1224 1774 1275 1796 em
1310 1762 1348 1797 di
1385 1766 1516 1806 questo

52 1827 156 1851 verso
180 1827 255 1851 non
280 1815 310 1850 si
336 1816 432 1851 elide
458 1817 554 1851 30113
578 1817 688 1852 finale
715 1817 814 1852 della
839 1818 967 1861 parola
992 1819 1226 1862 precedente,
1241 1821 1297 1855 sia.
1321 1821 1456 1865 perche
1486 1822 1518 1856 si

49 1877 158 1909 trova
182 1885 204 1908 3
229 1874 435 1908 coincidere
475 1874 569 1909 30113
607 1886 735 1909 cesura
771 1875 831 1910 del
868 1877 1024 1918 senario,
1050 1877 1106 1912 sia.
1130 1878 1263 1922 perche
1300 1879 1379 1913 l'em
1404 1882 1423 1915 e
1453 1881 1517 1924 qui

50 1933 250 1976 adoperato
275 1931 314 1966 in
339 1932 458 1967 forma
484 1933 656 1967 enfatica.
683 1953 727 1958 —-
819 1933 904 1969 186.
931 1936 1033 1970 hasce
1059 1936 1089 1970 si
1115 1936 1258 1980 collega
1284 1949 1352 1972 con
1377 1950 1446 1973 res.
1472 1957 1516 1962 —

47 1991 150 2024 hosce
174 1991 271 2031 mihi,
298 1990 354 2024 col
372 1990 543 2034 palimps.
571 1991 740 2032 ambros„
766 2002 833 2035 per
857 1994 1000 2027 hascine
1024 2006 1077 2027 me
1101 1994 1203 2038 degli
1229 1995 1316 2030 altri
1341 1997 1445 2032 codd.
1472 2015 1515 2020 —

47 2049 172 2089 ηιαὶαε,
197 2059 264 2091 per
301 2049 504 2082 maledictas
536 2048 596 2083 dei
634 2049 736 2083 codd.
763 2060 782 2084 e
808 2051 1000 2085 maledicas
1029 2051 1088 2086 del
1119 2052 1311 2089 Salmasio.
1342 2072 1386 2077 —
1417 2057 1518 2098 ferre

52 2103 66 2119 ⁸
86 2106 290 2150 divulgare,
328 2118 501 2150 spargere
524 2120 556 2149 „3
590 2108 652 2142 cfr.
687 2108 786 2143 Pers.
824 2109 856 2150 3,
885 2110 914 2150 l,
941 2110 985 2144 23
1012 2112 1150 2144 inimici
1184 2113 1320 2154 famam
1357 2125 1428 2148 non
1464 2118 1516 2149 ita

48 2169 85 2199 ut
101 2170 222 2198 natast
244 2165 377 2207 ferunt.
396 2184 441 2188 —
488 2164 574 2199 187.
594 2167 749 2200 παῦσαιε
779 2163 792 2178 “
815 2168 951 2201 παῦσαι
976 2179 1042 2212 pro
1066 2170 1160 2202 παῦε
1186 2169 1260 2204 iam
1287 2171 1516 2208 Philemonis
1543 2191 1547 2197 ·

47 2224 171 2257 aetate
197 2234 265 2256 usu
302 2225 492 2266 receptum
519 2225 609 2264 erat,
637 2234 731 2266 quae
769 2225 909 2259 formae
940 2226 1123 2269 quomodo
1150 2229 1249 2271 apud
1274 2229 1418 2265 Atticos
1447 2231 1516 2265 dif-

47 2280 182 2320 ferant,
208 2283 367 2314 mostrat
406 2280 445 2314 in
484 2282 624 2315 Avibus
662 2293 693 2315 v.
732 2281 800 2316 889
826 2282 1095 2327 Aristophanes
1114 2312 1126 2327 ,
1168 2285 1365 2329 Fritzsche,
1407 2288 1514 2324 Anal.

47 2337 180 2381 Plaut„
205 2349 241 2382 p.
267 2339 298 2372 7.
325 2339 457 2374 Plauto
483 2351 549 2374 usa
574 2351 646 2374 non
673 2340 789 2383 poche
808 2340 918 2381 volte,
937 2341 1035 2376 nelle
1062 2354 1125 2377 sue
1152 2345 1368 2387 commedie,
1386 2348 1513 2390 parole

45 2396 192 2439 greche,
217 2407 281 2431 ora
305 2408 372 2441 per
397 2398 572 2441 produt-re
599 2410 647 2431 un
675 2398 802 2433 effetto
830 2399 980 2440 comico,
998 2411 1063 2435 ora
1087 2400 1216 2436 invece
1231 2413 1297 2446 per
1310 2403 1397 2440 dare
1415 2408 1514 2441 tutte

44 2454 80 2489 le
106 2465 312 2498 apparenze
349 2455 386 2489 di
423 2456 645 2500 personaggi
669 2456 771 2500 greci
806 2456 882 2500 agli
919 2457 1176 2494 interlocutori
1205 2460 1302 2496 delle
1327 2473 1391 2497 sue
1419 2475 1512 2498 com-

45 2512 183 2553 medie;
222 2512 285 2546 cfr.
310 2513 390 2555 419,
417 2513 495 2555 705,
525 2514 612 2548 1025
652 2525 670 2549 3
709 2514 843 2549 Casina
869 2516 900 2557 3,
928 2516 959 2557 6,
986 2516 1007 2550 8
1034 2519 1208 2551 enimvero
1234 2518 1428 2560 πράγματα
1453 2531 1512 2561 μοι

44 2569 218 2611 παοὲχεις.
246 2569 298 2606 St.
325 2572 425 2606 Dabo
449 2571 538 2612 μέγα
563 2571 684 2604 κακόν.
719 2572 773 2608 Ol.
800 2575 918 2608 Dabin
945 2573 1032 2614 μέγα
1058 2574 1195 2611 κακόνῖ
1221 2576 1272 2612 St.
1306 2578 1349 2612 Ut
1374 2579 1512 2622 opinor,
