1818 2973
284 83 349 119 100
869 97 908 122 Μ.
933 96 1015 122 ,4001
1039 97 1172 124 ΡιΑυτι

385 175 465 216 Sed
493 171 694 227 epistulas
721 177 886 228 quando
913 176 1150 229 obsignatas
1178 177 1354 227 adferet,

385 251 532 291 Nonne
558 249 781 291 arbitraris
808 248 904 291 eum
926 253 932 300 Ι
958 252 1270 294 adulescentem
1299 253 1415 295 anuli
1691 285 1723 307 6,,

384 322 555 366 Paterni
583 326 748 376 signum
776 324 973 368 nouisse?
1027 330 1109 368 ΜΕ.
1139 329 1274 369 Etiam
1302 325 1348 369 tu
1377 331 1521 370 taces?
1670 332 1752 371 790

385 398 608 441 sescentae
636 401 689 440 ad
718 411 811 441 eam
841 412 932 442 rem
961 397 1115 443 causae
1143 406 1315 454 possunt
1342 402 1513 456 conligi:

383 475 506 514 Illum
533 485 658 525 quem
689 473 839 516 habuit
867 477 1058 526 perdidit,
1091 475 1222 518 alium
1251 480 1342 529 post
1369 473 1468 519 'fecit
1494 490 1660 520 nouom.

383 551 470 589 Iam
498 549 532 589 si
560 548 795 602 obsignatas
822 549 903 592 non
932 552 1051 600 reret,
1081 552 1161 592 dici
1190 550 1271 594 hoo
1299 556 1446 605 potest,

383 625 505 675 Apud
533 622 756 676 portitores
785 624 856 667 eas
884 626 1118 679 resignatas
1146 628 1222 669 sibi
1690 660 1725 683 ⁶5

384 699 677 752 inspectasque
705 713 807 743 esse.
861 704 908 742 In
936 700 1061 743 huius
1090 704 1198 744 modi
1228 703 1393 756 negotio
1550 718 1554 721 “
1671 707 1750 746 795

383 774 499 816 Diem
527 787 720 818 sermone
748 775 889 819 terere
917 777 1114 830 segnities
1150 783 1324 821 merast:

382 847 580 899 Quamuis
607 864 822 895 sermones
848 852 1021 905 possunt
1048 855 1160 907 longi
1189 852 1340 896 texier.

276 1017 498 1060 cophantari,
525 1017 588 1052 cfr.
614 1029 647 1052 v.
674 1017 754 1054 815.
779 1035 825 1041 -
923 1018 1016 1054 788,
1055 1019 1159 1065 Dopo
1194 1020 1328 1064 questo
1353 1030 1459 1056 verso
1484 1019 1547 1056 nei
1572 1019 1692 1057 codici
1717 1020 1749 1057 si

275 1074 384 1119 legge
410 1086 569 1111 ancora:

579 1157 650 1193 Sed
676 1170 788 1203 quom
815 1159 1030 1203 obsignatas
1056 1159 1228 1195 attulerit
1252 1159 1445 1204 epistulas,

276 1237 343 1272 0110
369 1238 389 1273 e
415 1238 654 1274 un'evidente
693 1239 908 1286 dittografia
933 1239 994 1275 del
1019 1252 1052 1274 v.
1079 1240 1146 1275 che
1182 1241 1353 1285 precede.
1391 1261 1434 1267 -—
1532 1241 1627 1276 789.
1652 1243 1747 1277 arbi-

275 1297 393 1330 traris
416 1308 504 1339 eum,
531 1296 588 1331 001
614 1296 732 1333 00(1101
759 1308 778 1333 0
804 1309 873 1333 0011
898 1297 987 1333 iato.
1013 1298 1043 1332 Il
1070 1298 1189 1333 Bothe
1221 1298 1419 1334 sostituiva
1443 1303 1518 1334 tum
1543 1311 1565 1335 a
1589 1312 1677 1335 eum.
1706 1317 1743 1323 -

277 1352 372 1388 790.
397 1355 539 1398 signum
574 1358 721 1397 novisse,
748 1356 804 1391 001
831 1355 1056 1398 Camerario‚
1081 1367 1150 1401 per
1173 1368 1274 1392 nosse
1299 1357 1359 1391 dei
1385 1357 1526 1393 codici:
1551 1357 1587 1393 le
1612 1359 1748 1394 lettere

275 1411 306 1446 si
332 1412 598 1456 suggenavano
625 1413 846 1456 coll'anello‚
873 1425 892 1449 e
918 1415 1042 1458 peroio
1069 1414 1145 1458 egli
1170 1415 1367 1458 domanda,
1385 1426 1423 1450 se
1440 1414 1516 1451 mai
1542 1426 1606 1452 era
1633 1417 1748 1461 possi-

274 1469 351 1505 bile
377 1470 443 1505 che
469 1471 497 1506 il
523 1471 624 1515 figlio
649 1483 723 1507 non
749 1472 998 1508 riconosoesse
1024 1472 1090 1507 ohe
1117 1473 1211 1508 sulle
1237 1473 1371 1508 lettere
1397 1484 1579 1510 mancava
1613 1475 1642 1510 il
1667 1487 1748 1520 sug·

274 1528 374 1573 gello
400 1529 460 1564 del
485 1530 611 1574 padre.
636 1550 682 1554 —
707 1532 813 1564 etiam
838 1536 941 1572 tace-5,
969 1531 1032 1565 cfr.
1057 1543 1092 1565 n.
1119 1530 1198 1566 514.
1224 1548 1269 1553 —
1347 1530 1431 1567 791.
1457 1538 1632 1568 sescentae
1659 1530 1673 1546 ²
1694 1533 1748 1568 in-

273 1587 505 1623 numerevoli
523 1615 551 1630 „‚
578 1588 641 1622 cfr.
667 1588 749 1623 Aul.
777 1588 845 1624 320
870 1593 1025 1623 sescenta
1049 1594 1132 1623 sunt
1157 1601 1244 1632 quae
1268 1600 1461 1623 memorem.
1488 1607 1532 1612 —
1583 1589 1677 1624 792.
1695 1590 1745 1625 Lo

274 1644 436 1689 Spengel
461 1645 597 1681 ritiene
623 1648 755 1691 questo
781 1658 886 1682 verso
906 1658 1008 1682 come
1034 1646 1274 1691 interpolato,
1300 1647 1448 1690 perche,
1473 1647 1569 1691 dopo
1594 1647 1633 1682 di
1658 1659 1747 1682 aver

274 1706 478 1739 accennato
504 1716 526 1739 a
556 1717 606 1739 un
639 1716 792 1740 numero
830 1704 1096 1740 straordinario
1135 1705 1173 1740 (11
1209 1716 1324 1747 scuse,
1351 1715 1370 1740 0
1399 1705 1605 1748 bisognava
1635 1705 1746 1740 ricor-

275 1762 388 1797 darne
403 1763 610 1807 parecchie‚
635 1775 739 1799 come
765 1763 805 1798 in
829 1763 906 1798 Mil.
933 1763 966 1805 2,
991 1763 1023 1805 2,
1042 1764 1096 1805 95,
1123 1774 1144 1798 0
1169 1774 1260 1807 pure
1284 1773 1456 1805 nessuna,
1482 1773 1544 1797 ma
1571 1773 1646 1798 non
1670 1762 1747 1798 mai

274 1832 350 1856 una
374 1821 464 1856 sola.
489 1821 551 1856 Ma
577 1821 604 1856 il
630 1822 768 1857 dubbio
801 1834 875 1857 non
911 1822 961 1856 ha
997 1822 1250 1857 fondamento.
1286 1841 1332 1845 —
1430 1820 1524 1855 793.
1549 1823 1623 1855 iam
1650 1818 1664 1833 '¹
1685 1821 1746 1856 del

275 1881 374 1915 resto
392 1907 420 1923 ,,.
447 1897 492 1903 -
532 1879 625 1915 794.
649 1883 865 1925 portitores:
889 1880 902 1915 i
928 1879 1122 1923 doganieri
1139 1879 1152 1914 i
1169 1878 1271 1923 quali
1290 1878 1487 1923 esigevano
1513 1879 1538 1914 i]
1558 1879 1661 1914 dazio
1687 1879 1748 1914 del

274 1940 381 1982 porto
407 1935 635 1983 (portorium)
661 1939 754 1974 sulle
780 1938 905 1980 merci,
932 1949 951 1973 e
977 1949 1143 1973 avevano
1169 1937 1311 1979 diritto,
1335 1949 1403 1982 per
1426 1948 1501 1972 non
1526 1948 1648 1973 essere
1677 1937 1746 1972 fro·

276 1996 364 2037 dati,
391 1996 429 2031 di
455 2008 644 2032 ossei-vare
671 2009 690 2032 e
717 1997 754 2031 di
780 1997 929 2040 leggere
948 1996 1088 2040 perfino
1115 1995 1149 2030 le
1175 1995 1310 2030 lettere
1336 2006 1355 2030 e
1379 1995 1414 2030 10
1440 1995 1746 2040 corrispondenze

275 2055 342 2090 ohe
367 2066 549 2090 recavano
576 2055 589 2089 i
614 2055 844 2090 bastimenti.
863 2054 933 2096 Qui
958 2054 986 2088 il
1011 2055 1123 2098 poeta
1148 2064 1311 2088 accenna
1335 2053 1372 2088 ai
1397 2053 1747 2098 πεντηκοστολόγοι,

274 2113 287 2148 1
313 2113 507 2158 doganieri
532 2113 592 2148 del
618 2113 736 2154 Pireo,
764 2112 776 2146 i
803 2112 905 2157 quali
923 2113 1123 2156 esigevano
1150 2111 1244 2146 sulle
1269 2111 1385 2146 merei
1402 2111 1429 2145 11
1447 2111 1517 2146 due
1542 2121 1610 2155 per
1626 2113 1746 2147 cento.

275 2171 305 2206 11
331 2172 435 2207 dazio
461 2173 598 2217 poteva
623 2183 723 2206 esser
748 2171 904 2206 riseosso
931 2170 978 2205 da
1003 2182 1053 2204 un
1078 2169 1155 2205 solo
1182 2170 1384 2215 doganiere
1407 2167 1600 2213 (portitor),
1624 2181 1687 2205 ma
1711 2171 1746 2205 10

274 2230 410 2266 lettere
435 2242 509 2266 non
534 2232 720 2274 potevano
747 2241 869 2264 essere
897 2228 1103 2264 esaminate
1139 2229 1205 2263 che
1242 2229 1290 2262 da
1325 2239 1400 2262 una
1425 2227 1682 2263 commissione
1708 2227 1747 2263 di

274 2291 477 2332 portitores.
492 2288 556 2324 Cio
582 2288 712 2332 spiega
736 2287 829 2323 l‘uso
856 2287 915 2323 del
941 2286 1100 2332 plurale,
1123 2287 1298 2321 ristorato
1324 2286 1364 2321 in
1388 2292 1519 2330 questo
1545 2285 1654 2330 luogo
1684 2286 1747 2321 dal

276 2347 430 2390 Ritschl,
445 2347 581 2382 sull'es.
596 2347 656 2382 del
672 2347 791 2389 Valla,
810 2348 938 2381 contro
964 2345 1002 2380 la
1026 2345 1168 2380 lezione
1194 2344 1254 2379 dei
1279 2356 1398 2386 mser„
1415 2344 1479 2379 osr.
1498 2344 1580 2378 Ter.
1598 2344 1745 2379 Phorm.

277 2406 308 2447 1,
326 2406 360 2449 2,
379 2405 457 2449 100,
475 2407 621 2441 mentre
647 2405 710 2440 nel
736 2417 768 2440 v.
789 2405 878 2440 1107
905 2403 1047 2439 trovasi
1076 2403 1279 2446 adoperato
1297 2402 1325 2437 il
1342 2403 1436 2446 sing.
1454 2419 1497 2424 —
1515 2403 1595 2445 sibi,
1608 2402 1744 2455 perche

275 2464 525 2508 logicamente
543 2465 563 2500 0
581 2464 610 2498 11
627 2464 808 2499 sicofante
827 2463 893 2498 che
907 2463 1023 2507 pai-la.
1037 2478 1083 2484 —
1134 2461 1228 2496 795.
1254 2463 1389 2504 neyotio
1417 2457 1431 2473 ¹⁶
1452 2459 1633 2496 difficolta
1652 2485 1682 2502 ‚.
1699 2476 1744 2482 -—

277 2521 372 2557 796.
386 2525 550 2567 seynities
564 2535 663 2557 mera
691 2520 704 2535 ⁸
726 2534 818 2567 puro
833 2521 1068 2566 perditempo
1086 2547 1114 2563 „.
1132 2540 1177 2545 —
1213 2519 1307 2553 797.
1322 2521 1480 2563 quamvis
1496 2518 1528 2553 si
1544 2517 1709 2553 riferisce
1724 2528 1746 2552 a

275 2583 373 2625 lonyi
387 2594 394 2616 :
420 2581 450 2617 si
467 2592 625 2627 possono
651 2582 729 2617 fare
754 2579 992 2625 lunghissimi
1017 2578 1182 2621 discorsi‚
1209 2589 1317 2614 senza
1341 2580 1430 2622 pero
1456 2576 1582 2612 venire
1608 2575 1684 2611 mai
1709 2575 1747 2610 al
