1818 2973
533 65 772 120 'mmmms
793 94 844 125 ιν,
864 84 900 124 2.
924 82 1102 118 119-135
1487 85 1548 121 121

84 177 159 218 Cn.
186 174 300 225 Quod
316 187 354 216 *a
381 169 449 217 me
476 177 518 217 te
545 169 758 226 accepisse
786 175 945 216 fassu's.
999 176 1072 216 Sv.
1100 157 1184 214 Abs
1210 177 1253 215 te
1280 176 1525 226 accepisse?

1201 251 1274 290 CH.
1303 233 1364 290 ita
1393 251 1552 301 loquor.

86 327 159 368 Sv.
186 321 285 374 Quis
312 328 359 366 tu
386 325 574 367 homo'sff
628 326 702 365 GH.
730 324 808 373 Qui
850 319 964 365 mille
1004 335 1224 365 nummum
1251 320 1323 365 tibi
1352 326 1446 366 dedi
1475 337 1554 377 ego

1043 412 1135 440 sum
1163 399 1422 442 Charmides,
1476 403 1554 441 970

84 479 157 518 Sv.
184 474 330 529 Neque
371 477 517 529 edepol
544 478 590 517 tu
618 476 652 516 is
679 473 724 517 es
751 486 888 527 neque
916 475 1041 516 hodie
1083 476 1118 515 is
1159 471 1360 528 fimquam
1389 476 1474 518 eris
1504 500 1551 509 -

1124 562 1230 592 auro
1250 547 1351 592 huic
1373 552 1554 603 quidem.

191 611 269 668 Abi
297 629 364 681 sris,
393 625 590 679 nugator:
618 626 770 678 nugari
799 622 994 678 nfigatori
1024 624 1219 677 postulas.
1480 656 1528 680 130

86 704 160 744 Cn.
188 701 433 744 Charmides
460 713 536 754 ego
554 698 658 742 siun.
714 703 786 743 Sv.
805 703 1068 753 Nequiquam
1088 702 1234 743 hercle
1254 699 1310 751 es,
1333 713 1430 742 nam
1449 702 1556 743 nihil

1330 772 1426 818 auri
1454 778 1556 819 fero.

190 847 324 892 Nimis
350 853 502 903 argute
524 853 530 900 Ι
556 850 774 902 obrepsisti
804 852 846 891 in
876 851 1000 903 eepse
1032 849 1345 894 occasioneula:

191 926 415 979 Postquam
444 939 521 980 ego
549 928 622 968 me
644 938 797 968 aurum
826 927 938 969 serre
959 929 1058 978 dixi,
1079 928 1168 980 post
1187 932 1232 970 tu
1254 930 1403 970 factu's
1430 929 1560 971 Cheir-

1273 1005 1426 1046 mides:
1481 1006 1560 1045 975

191 1075 313 1120 Prius
339 1081 386 1120 tu
414 1090 497 1120 non
525 1090 620 1120 eras
647 1090 774 1130 quam
801 1076 896 1120 adri
926 1080 1005 1120 feci
1025 1079 1291 1121 mentionem.
1311 1076 1425 1121 Nihil
1447 1081 1558 1132 agis:

191 1151 318 1194 Proin
335 1156 380 1194 tu
410 1155 462 1201 te,
492 1151 635 1194 itidem
678 1157 724 1194 ut
764 1153 1054 1195 chermidatus
1082 1152 1137 1203 es,
1168 1166 1339 1195 rursum
1378 1154 1557 1197 dacher-

1298 1231 1422 1271 mida.
1484 1261 1534 1285 435

85 1410 149 1446 cfr.
162 1422 198 1445 n.
216 1410 272 1445 98.
299 1426 343 1432 —
391 1409 487 1443 969.
505 1411 596 1453 quod
613 1413 634 1443 a
651 1421 713 1451 me,
732 1409 795 1444 cfr.
814 1409 953 1444 Introd.
968 1408 1073 1454 Captz.
1092 1409 1256 1445 XXXIV.
1274 1427 1319 1432 —
1368 1409 1457 1445 971.
1476 1418 1560 1454 eris,

84 1469 149 1504 ofr.
175 1469 313 1504 Introd.
333 1468 438 1511 Caph.
464 1467 628 1502 XXXVI.
645 1487 689 1492 -—
715 1469 853 1511 quidem
871 1468 918 1502 ha.
943 1479 1050 1503 senso
1075 1468 1284 1503 restrittivo
1314 1465 1328 1481 ⁴‘
1351 1469 1499 1505 almeno
1522 1492 1560 1524 ,ς

85 1528 149 1562 cfr.
173 1538 210 1562 n.
237 1526 304 1561 982
331 1537 350 1561 e
377 1526 481 1570 Capt.
507 1526 587 1561 354.
614 1543 658 1548 —
707 1525 803 1560 972.
830 1527 889 1560 abi
913 1525 970 1560 col
997 1525 1223 1569 Camerario,
1249 1538 1316 1570 per
1341 1531 1397 1562 asi
1423 1528 1483 1564 dei
1502 1541 1560 1566 eo-

84 1584 170 1626 dici,
195 1586 215 1620 e
240 1584 442 1629 adoperato
468 1595 534 1628 per
561 1584 763 1628 esprimere
781 1583 1062 1629 indegnazione‚
1082 1595 1100 1619 e
1120 1584 1358 1629 corrisponde
1377 1586 1424 1620 ad
1442 1587 1557 1627 ἄπαγε

83 1642 178 1685 ἔρρε.
202 1660 246 1666 -
271 1644 405 1686 nuqari
440 1644 630 1686 nuyatori;
657 1642 721 1677 cfr.
747 1643 984 1686 sucophantae
1021 1645 1280 1687 sucophantari
1305 1644 1385 1679 958.
1410 1644 1442 1679 Il
1467 1645 1558 1681 sico-

82 1700 197 1743 fante,
224 1701 406 1736 credendo
432 1701 470 1735 di
496 1712 584 1736 aver
617 1702 765 1736 trovato
800 1700 839 1734 in
869 1701 1041 1736 Carmide
1079 1701 1297 1737 nient'albro
1324 1702 1391 1737 che
1418 1715 1467 1737 un
1492 1714 1558 1739 suo

83 1770 300 1804 oompagno,
326 1758 445 1794 rivela
470 1770 492 1794 a
516 1759 595 1794 viso
622 1761 751 1803 aperto
778 1759 815 1793 la
840 1771 907 1794 sua
931 1760 1173 1804 professione,
1192 1771 1210 1795 e
1230 1771 1267 1796 se
1286 1772 1333 1796 ne
1359 1761 1559 1805 aggiudiea

83 1817 111 1851 il
136 1817 346 1861 privilegio.
372 1834 416 1840 -—
435 1818 610 1861 postulas,
637 1817 700 1852 cfr.
725 1829 759 1851 n.
785 1818 865 1852 237.
892 1835 936 1840 —
1025 1817 1121 1853 973.
1148 1820 1358 1863 nequiquam
1383 1821 1499 1854 hercle
1522 1831 1559 1855 es

87 1872 101 1888 ⁸
122 1876 142 1910 e
167 1875 296 1911 affatto
333 1874 467 1910 inutile
493 1876 559 1910 che
594 1877 636 1910 tu
673 1875 757 1911 dica
795 1876 954 1911 d'essere
991 1876 1162 1911 Carmide
1200 1877 1240 1911 in
1276 1888 1437 1921 persona
1459 1905 1486 1921 „.
1512 1893 1558 1899 ·-

83 1932 179 1967 974.
206 1939 330 1978 aryute
362 1931 375 1946 ⁸
397 1933 601 1968 abilmente
625 1946 661 1975 ,τ
696 1934 724 1968 il
759 1934 939 1969 sicofante
977 1935 1135 1969 ammira
1171 1935 1298 1969 l'abile
1335 1937 1452 1971 tratto
1490 1937 1557 1971 che

81 1991 213 2026 voleva
235 1991 418 2036 giocargli
458 1991 546 2036 quel
584 1991 734 2026 vecchio
761 1983 884 2027 astuto
911 1992 949 2026 di
975 1993 1157 2028 Cat-mide.
1184 1992 1222 2028 Si
1256 1993 1336 2029 noti
1373 1993 1478 2029 l'iato
1504 1994 1557 2029 in-

82 2049 191 2084 nanzi
208 2060 230 2084 a.
246 2051 456 2093 obrepsisti:
482 2049 510 2084 il
536 2049 679 2085 Ritschl
705 2050 835 2085 l'evita
848 2051 1109 2094 premettendo
1126 2063 1187 2093 me,
1213 2051 1240 2085 il
1267 2051 1468 2096 Niemeyer
1491 2052 1556 2096 pih

82 2106 388 2150 plausibilmente
415 2113 463 2142 tu.
490 2107 562 2142 cfr.
588 2120 655 2152 per
680 2108 708 2142 il
734 2120 840 2143 senso
867 2109 905 2142 di
931 2111 1094 2153 obrepere
1119 2122 1153 2144 n.
1181 2121 1203 2144 a
1228 2109 1285 2144 60.
1310 2130 1355 2135 —
1379 2112 1419 2144 in
1455 2122 1558 2154 eapse

81 2167 329 2200 occasiuncula
357 2162 371 2178 ⁸
392 2165 454 2200 nel
480 2167 670 2201 momento
696 2165 734 2199 in
762 2166 821 2200 eui
846 2167 995 2201 erede-vi
1013 2168 1139 2202 d'aver
1164 2169 1311 2203 trovato
1337 2168 1557 2203 l'oocasione

81 2221 294 2258 favorevole
315 2249 344 2266 „.
370 2240 415 2245 —
457 2222 552 2257 975.
578 2229 892 2267 postquam-post,
918 2224 982 2259 cfr.
1000 2236 1036 2259 11.
1054 2225 1134 2259 417.
1163 2246 1205 2250 —
1248 2225 1344 2260 976.
1369 2236 1470 2260 eras:
1494 2225 1558 2261 nel

82 2280 220 2316 codex
245 2282 377 2316 vetus
404 2281 435 2315 si
461 2281 570 2325 legge
597 2281 877 2326 propriamente
896 2283 1003 2324 ieras,
1024 2283 1089 2317 che
1107 2282 1325 2318 l'Hermann
1344 2295 1502 2328 propose
1520 2283 1559 2319 di

83 2339 279 2374 emendare
293 2339 333 2374 in
345 2341 378 2374 is
392 2351 485 2374 eras.
504 2356 543 2361 —
579 2338 675 2373 977.
695 2341 968 2374 decharmidare
985 2338 997 2352 “
1017 2351 1138 2375 cessar
1152 2341 1189 2375 di
1203 2352 1325 2376 essere
1341 2341 1512 2377 Carmide
1529 2355 1559 2386 „z

81 2395 144 2431 nei
158 2397 529 2440 mss.propriamente
545 2397 575 2432 si
589 2397 698 2442 legge
716 2399 955 2440 recharmida,
967 2398 1063 2433 forse
1078 2409 1145 2442 per
1158 2398 1340 2433 influenza
1353 2399 1414 2434 del
1427 2411 1559 2435 rursus

81 2454 148 2489 che
177 2454 358 2499 precede3
384 2467 446 2490 ma
470 2456 625 2491 sarebbe
663 2468 713 2491 uu
752 2458 942 2499 composto
968 2456 1006 2490 di
1031 2468 1138 2492 senso
1165 2457 1294 2493 affatto
1325 2458 1510 2494 contrario
1536 2469 1557 2493 a

79 2512 205 2556 quello
217 2513 283 2547 che
295 2514 314 2547 e
326 2513 390 2556 qui
399 2513 586 2549 richiesbo.
600 2514 672 2549 Cfr.
681 2514 769 2549 altri
784 2514 965 2558 composti
980 2515 1141 2558 plautini
1153 2515 1219 2550 ehe
1232 2515 1413 2552 risultano
1423 2516 1526 2551 affini
1536 2527 1559 2551 a.

78 2572 361 2614 decharmidare,
376 2583 479 2608 come
494 2572 540 2607 ad
552 2584 601 2607 es.
617 2574 810 2607 deartuare
824 2572 928 2618 Caph.
940 2573 972 2615 3,
984 2573 1015 2615 5,
1029 2573 1082 2616 14,
1093 2575 1267 2610 denasare
1281 2573 1330 2609 ib.
1342 2574 1417 2617 3,4,
1434 2575 1488 2610 72.
1512 2593 1559 2601 --
