1818 2973
263 68 329 105 112
850 81 890 106 Μ.
914 80 998 106 acer
1019 80 1154 107 PLAUTI
1777 0 1818 124 Ἰ

365 157 443 203 Hie
470 161 595 203 homo
622 161 751 203 solide
779 157 1092 213 sfioophantast.
1146 157 1245 212 quid
1273 161 1336 202 ais
1362 164 1421 211 tu,
1455 162 1734 206 adulescens&
1813 128 1818 187 ξ

1294 239 1366 279 SV.
1395 240 1500 287 Quid
1529 241 1622 280 est?
1675 268 1710 293 ⁴⁷

264 315 339 354 CH.
368 305 586 364 Eloquere,
629 312 697 352 isti
738 307 812 352 tibi
852 312 952 363 quid
991 311 1183 354 homines
1222 309 1375 355 debent
1410 326 1513 366 quos
1540 318 1587 355 tu
1614 312 1739 367 quae-

1494 391 1599 431 ritas
1613 394 1631 431 P

265 466 338 507 Sv.
366 462 493 504 Pater
520 463 640 503 istius
667 461 950 504 adulescentis
978 463 1091 504 dedit
1110 463 1188 504 has
1207 465 1310 504 duas
1329 465 1433 505 mihi
1453 461 1652 517 epistulas
1676 420 1710 520 :Z

370 538 608 580 Lesbonici:
637 538 671 579 is
701 536 844 579 mihist
870 539 1043 580 amicus.
1097 541 1171 580 CH.
1191 538 1330 581 Teneo
1349 541 1465 582 hunc
1484 541 1738 584 manufesta-

1405 617 1541 656 rium:
1573 646 1606 670 ⁵0
1660 619 1739 657 895

371 687 440 731 Me
467 690 545 730 sibi
573 688 775 741 epistulas
803 691 966 732 dedisse
993 686 1106 731 dicit.
1160 692 1302 732 ludam
1332 690 1544 734 hominem
1572 693 1713 744 probe.

268 769 341 809 Sv.
375 749 438 806 I'ta
478 768 525 805 ut
566 767 722 817 occepi,
765 767 798 805 si
839 765 1028 807 animum
1065 769 1276 816 aduertas,
1306 763 1453 809 dicam.
1526 771 1597 808 Cn.
1626 769 1739 810 Dabo

1451 843 1623 894 operam
1651 845 1738 886 tibi.

268 920 340 960 Sv.
370 915 489 958 Hane
516 928 584 958 me
612 917 731 956 iussit
758 916 984 958 Lesbonico
1011 915 1087 958 suo
1113 920 1240 969 gnato
1268 918 1370 959 dare
1398 916 1621 970 epistulam

373 986 423 1033 Et
451 993 551 1034 item
579 993 692 1033 hanc
719 992 898 1034 alteram
926 1005 1002 1034 suo
1030 994 1166 1034 amieo
1194 992 1358 1034 Callicli
1387 991 1506 1035 iussit
1534 995 1648 1036 dare.

268 1071 343 1110 CH.
372 1064 474 1109 Mihi
503 1080 667 1120 quoque
703 1069 860 1120 edepol,
904 1080 1029 1120 quom
1058 1064 1129 1110 hic
1161 1072 1358 1121 nugatur,
1401 1069 1548 1111 contra
1588 1066 1740 1123 nugari

387 1205 395 1217 1
1428 1146 1556 1187 lubet.
1601 1176 1635 1201 55
1662 1149 1741 1187 900

372 1221 451 1262 Vbi
476 1221 566 1272 ipse
594 1223 715 1262 erat?
779 1223 851 1263 SV.
880 1223 993 1262 Bene
1020 1219 1112 1262 rem
1139 1222 1326 1274 gerebat.
1398 1224 1472 1263 CH.
1502 1216 1613 1275 Ergo
1639 1224 1739 1264 ubi?

1355 1301 1431 1340 Sv.
1459 1301 1506 1339 In
1535 1297 1738 1340 Selel’ioia.

269 1398 348 1440 ἔχει.
367 1413 412 1419 -
461 1397 557 1432 892.
582 1399 693 1433 solide
721 1396 734 1410 ⁴
757 1399 917 1434 davvero
939 1425 967 1441 „,
993 1398 1057 1433 ofr.
1083 1410 1118 1433 n.
1145 1398 1224 1434 850.
1251 1416 1295 1422 —
1321 1401 1405 1443 quid
1430 1401 1486 1434 ais
1511 1411 1616 1436 serve
1634 1412 1656 1435 a.
1672 1401 1741 1436 sol-

267 1457 423 1493 leoitare
440 1468 515 1492 una
531 1457 712 1502 risposta:
743 1454 756 1468 “
778 1456 956 1491 continua
973 1457 1122 1502 dunque
1141 1484 1168 1500 ‚.
1181 1476 1226 1482 ——
1275 1456 1370 1492 893.
1389 1460 1474 1502 quid
1498 1460 1618 1494 debent
1638 1456 1652 1471 ‘⁶
1674 1459 1740 1495 che

269 1515 458 1559 faceende,
493 1515 560 1551 che
597 1515 772 1550 interessi
805 1515 869 1550 hai
902 1517 943 1550 tu
978 1527 1047 1551 eon
1072 1516 1161 1558 loro,
1189 1516 1256 1551 ohe
1293 1527 1340 1551 ne
1366 1517 1427 1551 vai
1451 1517 1491 1552 in
1530 1528 1636 1553 cerea
1672 1529 1740 1553 con

269 1576 377 1610 tanta.
401 1574 599 1619 premura‘?
618 1600 645 1617 „.
673 1574 743 1609 Cfr.
759 1573 838 1608 Mil.
866 1574 898 1616 2,
925 1575 957 1616 5,
986 1575 1026 1609 11
1055 1577 1140 1619 quid
1166 1577 1229 1609 tibi
1253 1576 1346 1609 hisce
1363 1578 1401 1610 in
1418 1577 1562 1610 aedibus
1586 1576 1739 1618 debetur;

270 1633 403 1668 Pseud.
432 1633 522 1668 1139
547 1634 641 1675 heus,
668 1634 753 1677 quid
777 1635 858 1667 istic
883 1634 1025 1667 debetur
1048 1634 1113 1667 tibi
1127 1636 1144 1667 .2
1166 1653 1211 1658 —
1307 1633 1403 1667 895.
1430 1635 1740 1676 manufestarium‚

270 1692 333 1727 cfr.
359 1704 396 1727 n.
423 1692 502 1727 911.
528 1709 572 1714 —-
661 1690 757 1726 897.
781 1693 815 1725 si
839 1694 997 1726 animum
1023 1694 1190 1726 advortas
1218 1689 1231 1703 ‘¹
1254 1703 1291 1726 se
1318 1692 1370 1726 mi
1395 1691 1466 1726 stai
1493 1703 1515 1726 a
1539 1691 1679 1726 sentire
1702 1703 1741 1733 ,ε

271 1751 456 1795 Carmide,
481 1751 577 1794 dopo
603 1750 641 1785 di
667 1761 755 1785 aver
780 1750 903 1794 capito
930 1761 949 1785 o
977 1750 1199 1785 eomineiato
1226 1761 1247 1784 a
1273 1750 1408 1794 caphe,
1439 1750 1506 1784 ohe
1532 1749 1563 1783 si
1586 1750 1744 1785 trovava

271 1809 311 1844 di
335 1810 457 1844 fronte
484 1820 506 1844 a
530 1821 580 1843 un
605 1809 849 1850 eiurmadore,
868 1808 899 1842 si
924 1819 988 1842 era.
1004 1809 1163 1844 fermato
1191 1809 1300 1843 alcun
1329 1819 1421 1853 poco
1440 1819 1462 1842 a.
1479 1808 1659 1844 riflettere
1684 1809 1744 1844 tra

272 1879 311 1903 se
337 1870 453 1903 stesso
478 1867 557 1911 (cfr.
591 1868 731 1909 895-6)‚
758 1878 777 1902 e
802 1867 865 1902 nel
890 1866 984 1902 farlo
1010 1867 1042 1901 si
1073 1878 1135 1902 era
1169 1867 1345 1903 distratto
1371 1867 1550 1911 alquanto
1577 1878 1596 1902 e
1626 1878 1744 1902 aveva

274 1929 417 1962 cessato
443 1926 481 1961 di
512 1928 692 1970 prestare,
731 1937 834 1961 eome
860 1925 1022 1969 innanzi,
1048 1926 1259 1961 attenzione
1297 1926 1334 1960 al
1371 1926 1570 1967 sieofante;
1607 1925 1744 1961 laonde

273 1985 398 2030 questi
422 1985 682 2029 s'interrompe
708 1996 774 2029 per
799 1984 1025 2019 domandare
1052 1995 1074 2018 a
1091 1984 1272 2026 Gai-mide,
1291 1995 1328 2019 se
1348 1984 1455 2019 vuele
1482 1984 1548 2019 che
1567 1984 1644 2028 egli
1662 1995 1744 2019 con-

273 2044 382 2087 tinui,
408 2056 447 2080 se
473 2046 492 2080 e
518 2044 683 2088 disposto
709 2045 854 2078 tuttora
880 2055 901 2077 a
925 2043 1126 2087 prestargli
1167 2043 1390 2078 attenzione.
1416 2043 1446 2078 11
1472 2043 1681 2087 significato
1707 2044 1746 2079 di

274 2107 406 2149 questo
433 2115 551 2146 verso,
577 2103 692 2138 eom'e
718 2104 816 2137 stato
843 2102 890 2136 da
914 2102 979 2137 noi
995 2101 1215 2144 fflehiarato,
1235 2102 1390 2136 essendo
1409 2102 1571 2146 sfuggito
1590 2102 1626 2138 al
1643 2102 1747 2139 Koch

277 2176 296 2200 e
323 2164 359 2198 al
383 2162 483 2203 Brix,
508 2162 537 2196 li
561 2162 610 2196 ha
635 2161 774 2195 indotti
791 2172 813 2195 a.
830 2162 1038 2205 sospettare
1068 2160 1135 2195 che
1165 2160 1205 2194 in
1237 2162 1369 2205 questo
1395 2161 1506 2205 luogo
1532 2161 1566 2196 ei
1592 2161 1648 2196 sia.
1672 2173 1747 2197 una

274 2223 421 2264 lacuna,
438 2221 505 2256 che
530 2220 652 2255 debba
677 2219 755 2255 oioe
781 2219 853 2253 alle
880 2218 1008 2263 parole
1033 2218 1094 2253 del
1119 2218 1298 2254 sieofante
1316 2221 1369 2253 ita
1385 2225 1424 2254 ut
1441 2221 1555 2263 occepi
1578 2221 1649 2254 ete.
1667 2231 1747 2264 pre-

278 2282 409 2317 cedere
432 2279 794 2323 un'interrogazione
820 2278 858 2313 di
884 2278 1066 2320 Carmide,
1085 2290 1189 2313 come
1214 2278 1276 2313 nel
1303 2290 1336 2312 v.
1355 2278 1433 2320 939,
1452 2278 1748 2322 interrogazione

279 2341 346 2375 che
372 2339 528 2375 sarebbe
553 2339 692 2373 andata
716 2349 782 2382 per
807 2336 869 2372 noi
898 2337 1068 2381 perduta.
1087 2354 1130 2359 —
1148 2338 1201 2371 ita
1217 2341 1256 2371 ut
1279 2338 1394 2380 occepi
1409 2338 1429 2372 e
1446 2347 1521 2371 una
1537 2336 1633 2372 frase
1651 2336 1750 2372 assai

280 2410 435 2436 comune
460 2409 528 2442 per
553 2397 719 2432 indicare
744 2395 771 2430 il
797 2395 940 2431 ritorno
966 2396 1014 2430 ad
1038 2407 1088 2430 un
1113 2395 1275 2430 discorso
1307 2395 1374 2430 ohe
1410 2394 1467 2430 sia-
1503 2397 1602 2431 stato
1635 2394 1748 2430 inter-

280 2460 391 2501 rotto,
417 2457 480 2492 cfr.
511 2457 589 2499 162,
616 2456 719 2492 Cure.
738 2456 770 2498 1,
785 2456 815 2498 1,
829 2455 886 2497 43,
904 2454 995 2490 Cist.
1012 2455 1044 2496 4,
1064 2455 1096 2497 2,
1116 2455 1170 2489 19.
1200 2474 1243 2479 -
1274 2455 1361 2489 dabo
1391 2465 1537 2498 operam
1561 2453 1750 2490 conferma

280 2516 623 2561 l'interpretazione
649 2516 697 2551 da
721 2515 784 2551 noi
809 2515 899 2550 data
923 2514 1022 2549 delle
1047 2513 1176 2559 parole
1206 2513 1272 2549 ohe
1301 2513 1527 2557 precedono:
1556 2509 1570 2525 ⁸
1591 2512 1670 2547 faro
1696 2512 1752 2546 at·

282 2576 465 2619 tenzione,
490 2587 563 2610 non
588 2575 640 2610 mi
664 2575 844 2611 distrarro
871 2574 936 2619 piii
957 2601 986 2618 ‚.
1011 2589 1057 2596 -
1122 2571 1208 2607 901.
1235 2573 1266 2607 11
1292 2572 1446 2615 Ritsehl,
1472 2570 1670 2608 basandosi
1694 2569 1753 2606 sul
