1818 2973
604 65 825 93 'ramvamvs
846 66 884 97 11,
907 54 942 99 3,
957 52 1116 89 94--116
1541 50 1585 86 71

221 149 302 191 Sed
329 149 363 189 si
390 148 499 189 haoc
526 159 595 189 res
622 148 813 199 grauiter
840 144 992 186 cocidit
1019 142 1196 184 stultitiai
1227 154 1332 190 mea,

224 226 374 272 Philto,
402 223 466 265 &st
493 234 595 274 ager
621 223 697 262 sub
726 220 830 262 firhe
858 221 928 260 hic
956 220 1092 260 nobis:
1122 215 1219 259 efim
1248 219 1354 258 dabo

223 294 369 337 Dotdm
397 296 552 336 sorori:
580 293 678 335 naim
706 295 741 333 is
769 294 821 334 de
848 287 1007 332 diuitiis
1036 291 1140 332 meis

223 367 343 412 Solfis
371 371 548 422 superfit
577 367 746 421 prae'eter
775 369 903 408 uitam
933 364 1128 407 rolicuos.
1513 366 1591 403 510

119 450 193 488 ΡΗ.
223 445 416 487 Ρνοΐὸοῑο
447 448 584 486 dotem
612 440 671 484 nil
700 454 852 483 moror.
909 444 980 481 LE.
1010 438 1223 482 Certt’lmst
1251 441 1366 481 dare.
1515 469 1565 491 Μ

121 525 188 562 ST.
223 520 487 568 Nostrzimme,
516 532 601 567 ere,
632 520 694 559 uis
723 513 943 564 nutricem,
975 529 1081 567 quae
1111 529 1184 556 nos
1214 514 1379 562 &ducah

227 596 476 637 Abeilienare
504 607 529 635 a
559 594 703 635 nobis?
731 604 837 634 caue
866 593 921 632 sis
952 590 1121 636 feceris:

227 673 332 720 Quid
361 669 531 712 edomas
557 672 720 710 nosmet
748 667 920 719 postea?
975 669 1048 707 LE.
1081 668 1212 707 Etiam
1243 664 1287 706 t1’1
1317 668 1462 707 taces?

228 747 316 786 Tibi
345 745 450 797 egon
478 746 684 786 rationem
715 742 917 784 roddam‘e
974 745 1040 783 ST.
1071 744 1200 783 Plane
1229 741 1441 793 pom'imus,
1515 742 1594 780 515

227 823 314 862 Nisi
344 817 441 873 quid
470 833 547 873 ego
575 816 877 862 comminiscor.
913 820 1062 866 Philto,
1093 816 1134 858 te'
1164 820 1270 858 uolo.
1518 846 1568 869 „5

126 900 202 939 ΡΗ.
232 893 373 948 Siquid
404 898 478 945 uis,
512 897 701 937 Stasime.
757 899 824 936 ST.
853 898 946 936 Huc
974 894 1156 936 concede
1185 890 1458 944 aliquantflm.

1360 971 1437 1008 ΡΗ.
1466 967 1594 1007 Licet.

123 1151 360 1193 Ξριιοφιίαηι.
386 1165 432 1171 -—
528 1148 622 1183 507.
648 1150 732 1183 haec
757 1160 815 1183 res
843 1146 855 1160 ¹
871 1147 909 1182 la
934 1147 1010 1182 mia
1034 1148 1194 1187 fortuna,
1221 1145 1256 1180 le
1282 1145 1356 1180 mie
1382 1146 1550 1180 sostanze
1567 1168 1598 1186 ,,,

124 1207 189 1241 cfr.
214 1219 250 1240 n.
278 1207 354 1242 172.
386 1225 422 1229 —
459 1209 781 1250 cecidit=peri¹im
816 1207 879 1241 cfr.
908 1206 981 1241 Cic.
1008 1206 1054 1239 ad
1080 1205 1182 1239 Fam.
1210 1205 1264 1245 14,
1292 1204 1323 1244 3,
1349 1203 1369 1236 2
1395 1204 1456 1237 sed
1481 1208 1597 1236 tamen

123 1266 292 1308 quamdiu
318 1276 376 1299 vos
400 1268 504 1299 eritis
528 1267 567 1298 in
592 1277 653 1309 spe
676 1277 747 1299 non
773 1266 942 1307 deficIam,
978 1277 1019 1298 ne
1051 1265 1172 1298 omnia
1202 1274 1278 1295 mea
1303 1262 1408 1304 culpa
1433 1261 1599 1294 cecidisse

123 1324 322 1357 videantur.
346 1339 392 1345 —
414 1325 823 1366 qraviter=funditus.
849 1343 893 1347 —
992 1321 1087 1356 508.
1122 1323 1179 1354 hic
1217 1322 1235 1355 ὲ
1274 1331 1418 1354 omesso
1448 1318 1509 1352 dal
1536 1328 1598 1361 pa-

124 1379 330 1424 limpsesto,
355 1392 417 1415 ma
442 1381 473 1415 si
498 1382 607 1425 legge
633 1381 671 1415 in
696 1381 788 1416 tutti
813 1381 867 1424 gli
892 1380 980 1414 altri
1007 1379 1136 1419 codici,
1163 1379 1208 1413 ed
1233 1380 1252 1413 ὂ
1278 1378 1317 1412 in
1342 1377 1511 1411 armonia.
1529 1375 1599 1410 col-

124 1437 218 1472 l'uso
244 1438 304 1473 dei
329 1438 433 1483 poeti
465 1440 621 1480 comiei;
660 1440 723 1474 cfr.
755 1439 835 1474 Ter.
862 1439 967 1473 Adel.
995 1440 1026 1479 5,
1054 1439 1086 1480 8,
1112 1438 1157 1472 26
1183 1438 1322 1481 ayellist
1346 1437 1402 1470 hic
1426 1435 1489 1469 sub
1515 1435 1600 1468 urbe

119 1497 271 1539 paulum
284 1499 375 1540 quod
388 1498 514 1532 locitas
531 1499 643 1539 foras.
660 1514 707 1520 -——
721 1498 784 1531 sub
802 1498 885 1531 urbe
907 1495 919 1508 '⁶
938 1496 1032 1531 fuori
1051 1496 1148 1530 delle
1160 1497 1267 1540 porte
1287 1494 1388 1529 della
1402 1493 1496 1528 citta
1512 1519 1541 1534 ,.
1556 1509 1601 1514 —

126 1552 221 1587 509.
236 1556 278 1588 de
290 1554 569 1596 diffluis-(ditiis)
584 1559 680 1596 meis,
700 1555 858 1590 secondo
884 1567 957 1590 una
975 1554 1083 1589 felice
1102 1553 1367 1589 emendazione
1385 1551 1445 1585 del
1465 1550 1600 1593 Bergk.

124 1610 195 1646 Nel
220 1612 463 1656 palimpsesto
490 1614 736 1654 ambrosiano,
756 1624 822 1658 per
848 1612 1167 1648 eontaminazione
1195 1611 1255 1645 del
1282 1623 1314 1644 v.
1341 1610 1420 1651 507,
1447 1609 1477 1643 si
1490 1609 1598 1652 legge

124 1670 166 1703 de
178 1671 342 1704 stultitiis
355 1673 440 1705 meis
459 1682 477 1705 e
495 1671 558 1706 nei
572 1672 675 1706 codd.
694 1672 854 1718 palatini
872 1673 913 1705 de
930 1672 1083 1705 stultitia
1102 1682 1188 1704 mea.
1206 1686 1253 1691 —
1295 1667 1381 1702 510.
1395 1668 1541 1711 superfit
1555 1678 1601 1692 =

125 1733 304 1770 super-esu
331 1728 395 1762 cfr.
422 1729 553 1763 Pseud.
571 1731 651 1770 456,
678 1729 755 1763 Mil.
782 1730 861 1764 356.
888 1749 933 1754 --
959 1731 1112 1763 relicuos
1137 1731 1157 1763 ὲ
1183 1728 1387 1771 adoperato
1419 1726 1602 1760 costante-

126 1786 253 1819 mente
278 1785 326 1820 da
350 1785 483 1822 Plauto
503 1798 604 1822 come
623 1787 904 1830 quadrisillabo,
932 1787 995 1821 cfr.
1021 1799 1056 1820 n.
1086 1788 1138 1821 14.
1170 1803 1206 1808 —
1296 1784 1371 1818 511.
1397 1784 1451 1817 nil
1468 1793 1601 1823 moror,

127 1842 191 1876 cfr.
216 1854 251 1877 n.
278 1844 358 1878 297.
387 1862 426 1867 -
454 1850 622 1879 certumst
651 1844 663 1857 ⁸
681 1845 717 1880 io
743 1857 810 1880 son
835 1845 991 1880 risoluto
1010 1872 1037 1887 „,
1064 1845 1128 1879 cfr.
1147 1856 1182 1878 11.
1201 1843 1282 1878 270.
1311 1860 1348 1866 -
1425 1839 1511 1875 512.
1538 1851 1603 1873 mc-

126 1902 449 1944 tricem=a9rum
473 1905 535 1946 qui
558 1915 623 1937 nos
648 1905 724 1938 alit.
750 1924 794 1928 -
827 1915 909 1938 cave
940 1905 959 1938 ἒ
991 1904 1288 1938 costantemente
1319 1901 1522 1944 adoperato
1556 1898 1604 1932 da

126 1957 260 1993 Plauto
283 1971 389 1994 come
407 1972 457 1994 un
475 1961 695 2004 pirricchio;
723 1962 788 1996 cfr·.
813 1962 952 1996 lntrod.
979 1961 1083 2005 Capt.
1110 1960 1274 1995 XXXIV.
1294 1977 1354 1992 —.
1387 1957 1471 1992 514.
1498 1959 1603 1991 etiam

127 2022 167 2050 tu
190 2020 309 2051 taces?
333 2015 347 2030 ⁴
365 2018 421 2052 sai
445 2018 502 2052 far
526 2018 679 2054 silenzio
705 2030 779 2054 una
795 2020 918 2054 buona
944 2019 1070 2054 volta?
1088 2032 1122 2062 ,ε
1149 2021 1167 2054 te
1187 2020 1322 2062 questa
1351 2027 1426 2052 una
1455 2025 1605 2059 espres-

127 2074 231 2109 sione
256 2075 483 2119 imperativa
499 2077 703 2121 adoperata
729 2089 795 2121 per
819 2078 965 2112 frenare
992 2077 1029 2111 la
1053 2077 1297 2121 prosunzione
1317 2087 1335 2110 e
1354 2075 1391 2109 la
1407 2072 1607 2119 petulanza

128 2132 167 2166 di
192 2132 353 2169 Stasimo
371 2147 377 2168 :
403 2134 467 2169 cfr.
486 2134 589 2169 Cure.
618 2136 647 2175 1,
666 2136 699 2177 3,
717 2136 762 2170 33
787 2138 892 2170 etiam
918 2137 1192 2179 disper-timim?
1214 2135 1320 2170 Mobt.
1337 2134 1368 2176 2,
1388 2134 1419 2175 1,
1437 2132 1481 2166 36
1498 2133 1603 2165 etiam

128 2193 288 2235 viyilas?
311 2209 355 2214 -
481 2192 566 2226 515.
593 2194 657 2227 tibi
681 2205 766 2236 eyon
792 2194 848 2228 col
875 2193 1031 2236 Ritsehl,
1057 2205 1123 2236 per
1148 2195 1237 2227 tibin
1263 2204 1347 2235 eyon
1381 2191 1442 2225 del
1474 2188 1605 2233 palim-

129 2251 254 2294 psesto
281 2250 473 2286 ambros.e
492 2252 557 2284 tibi
574 2262 632 2294 eqo
657 2250 718 2285 dei
743 2251 846 2285 codd.
873 2251 1045 2294 palatini.
1064 2271 1107 2275 ——
1134 2253 1309 2285 rationem
1339 2247 1351 2261 '‘
1370 2250 1478 2284 conto
1496 2245 1534 2281 di
1548 2245 1605 2280 cib

129 2308 196 2343 che
222 2308 258 2343 io
284 2308 402 2344 faecio
421 2322 457 2351 ,ε
486 2309 524 2344 la
549 2311 667 2344 stessa
699 2309 932 2353 espressione
971 2311 1001 2344 si
1038 2313 1145 2344 trova
1183 2309 1300 2343 anche
1338 2307 1544 2350 adoperata.
1566 2304 1607 2338 in

130 2366 214 2401 Aul.
237 2364 280 2408 v1,
316 2367 347 2409 1,
377 2367 409 2402 6.
442 2387 487 2392 —
585 2366 670 2402 516.
697 2369 944 2402 comminiscor
973 2365 985 2379 '‘
1005 2367 1158 2402 invento
1193 2366 1350 2411 qualche
1377 2365 1488 2409 piano
1506 2389 1536 2406 „.
1561 2382 1608 2387 —

129 2429 162 2458 te
177 2425 263 2468 volo,
277 2427 364 2461 sott.
377 2427 528 2470 colloqui
541 2437 560 2461 e
575 2426 638 2460 cfr.
658 2427 736 2467 717,
756 2426 834 2467 963,
852 2426 941 2460 1059
960 2437 979 2460 e
999 2425 1104 2469 Caph.
1119 2425 1150 2467 3,
1165 2426 1198 2468 4,
1212 2426 1267 2460 70.
1282 2444 1327 2449 —
1377 2422 1462 2457 517.
1480 2422 1608 2465 siquid

128 2485 193 2527 vis,
210 2486 296 2519 sott.
315 2495 460 2528 operam
479 2486 523 2518 do
539 2485 619 2518 tibi:
650 2482 663 2496 ⁸
679 2485 731 2518 mi
750 2486 866 2519 metto
885 2495 907 2518 a
923 2486 989 2518 tua
1006 2484 1253 2528 disposizione
1271 2511 1298 2526 ‚..
1315 2500 1353 2505 -
1373 2484 1608 2526 aliquantum,

129 2542 195 2578 cfr.
221 2543 288 2578 625
315 2554 333 2578 e
360 2542 462 2577 Asin.
490 2543 521 2584 5,
548 2542 581 2584 2,
612 2543 656 2576 75
691 2544 834 2577 abscede
867 2553 949 2586 erqo
975 2543 1168 2586 paululum
1193 2543 1296 2576 istuc.
1326 2558 1369 2564 -
1404 2542 1483 2575 licet
1511 2537 1523 2552 ‘¹
1542 2551 1609 2575 son
