1818 2973
144 19 217 44 ‘s‘

910 0 921 37 ,5

213 118 258 153 66
802 129 841 154 M.
867 127 947 153 Acm
970 127 1104 154 PLAUTI

216 211 288 249 ΒΕ.
317 209 403 249 Nisi
433 203 529 261 quid
559 192 631 250 me
653 209 766 250 aliud
796 209 872 257 uie,
903 203 1052 256 Philto,
1083 203 1278 260 respondi
1307 208 1392 250 tibi.

217 287 293 325 ΡΗ.
321 281 628 337 Benigniorem‚
658 283 896 331 Lesbonice,
926 281 970 324 te
998 284 1114 332 mihi,

322 363 454 408 Quam
483 356 595 401 minc
622 360 821 417 experior
847 358 950 407 esse,
972 358 1136 400 confido
1155 360 1266 400 fore:
1585 362 1664 401 460

321 437 427 476 Nam
455 439 497 476 et
525 432 650 475 stfilte
680 436 819 476 facere
847 437 891 475 et
917 431 1044 475 stfilte
1065 433 1307 484 fabulerier,

324 507 569 561 Vtramque,
600 505 838 559 Lesbonice,
868 512 911 550 in
939 513 1078 551 aetate
1108 508 1193 550 has]
1221 511 1428 551 bonumst.

219 588 286 626 ST.
315 587 474 626 Verum
504 584 649 625 hercle
680 585 750 626 hic
779 585 890 625 dicit.
960 587 1032 625 ΒΕ.
1060 569 1237 626 dculum
1265 596 1343 636 ego
1369 583 1573 626 ecfodiam
1602 585 1689 634 tihi,

324 662 365 700 Si
395 658 570 701 uerbum
601 661 823 701 addideris.
879 664 946 701 ST.
975 659 1127 701 Hercle
1155 661 1227 711 qui
1255 659 1390 702 dicem
1420 663 1583 702 tamen:

324 738 429 775 Nam
458 731 492 775 si
520 736 580 776 sic
608 747 690 775 non
719 734 871 784 licebit,
901 738 1043 777 luscus
1071 732 1233 777 dixero.
1612 738 1692 777 465

220 815 295 851 PH.
325 813 384 851 Ita
415 807 528 851 minc
559 814 602 851 tu
633 811 747 859 dicis,
777 811 859 851 non
888 823 979 852 esse
998 810 1329 863 raequiperdbilis

326 885 496 927 Vostres
524 898 619 926 cum
650 888 803 926 nostris
832 886 1032 927 sectiones
1059 886 1185 937 atque
1213 889 1341 937 opes?

221 963 293 1001 LE.
323 960 432 1001 Dico.
487 964 563 1001 ΡΗ,
591 962 727 1009 Quid?
755 973 868 1001 nunc
896 961 930 999 si
959 961 1000 1001 in
1029 960 1177 1001 aedem
1204 962 1256 1001 ad
1285 972 1434 1002 cenam
1463 957 1632 1002 ueneris

1627 465 1660 489 ⁶⁰

1631 842 1665 864 65

219 1093 349 1129 tieella
374 1094 639 1136 asseverativa,
664 1093 703 1128 la
727 1094 838 1137 quale
864 1093 896 1128 ei
920 1105 1173 1138 accompagna.
1198 1104 1217 1129 e
1243 1093 1275 1129 si
1300 1093 1487 1138 aggiunge
1511 1093 1610 1129 assai
1635 1105 1694 1129 vo·

220 1152 371 1187 lentieri
397 1152 472 1187 alla
498 1152 697 1196 particella
713 1154 746 1186 si
764 1153 875 1187 d'una
903 1153 1161 1196 proposizione
1187 1152 1379 1197 ipobetica,
1406 1163 1510 1188 come
1538 1151 1696 1187 avviene

220 1211 260 1245 in
286 1212 418 1254 questo
443 1211 554 1254 luogo
582 1222 600 1245 e
627 1211 792 1252 altrove;
827 1211 891 1245 cfr.
921 1210 1004 1245 Aul.
1033 1211 1064 1253 1,
1091 1212 1122 1254 1,
1148 1211 1181 1252 9,
1205 1210 1312 1255 Epid.
1340 1211 1370 1252 1,
1397 1210 1428 1253 2,
1457 1211 1499 1245 13
1524 1213 1558 1245 εἰ
1581 1211 1697 1245 hercle

221 1271 383 1303 haberem
406 1270 608 1313 pollicerer,
634 1269 741 1304 Truc.
766 1269 798 1311 2,
825 1270 857 1310 2,
885 1269 940 1304 60.
967 1287 1010 1291 -
1037 1275 1156 1303 votare
1181 1269 1211 1304 si
1237 1271 1344 1304 trova
1367 1269 1572 1313 adoperasso
1597 1267 1696 1303 assai

221 1339 347 1371 spesso
384 1327 446 1362 nei
483 1339 568 1362 mss.
599 1327 639 1361 in
672 1328 782 1371 luogo
819 1328 856 1362 di
895 1333 1033 1368 vetare;
1072 1328 1135 1362 cfr.
1173 1333 1329 1362 vostrum
1361 1333 1475 1362 voster
1507 1338 1651 1362 vorrere
1676 1337 1696 1361 e

221 1398 257 1420 n.
285 1386 340 1420 11.
366 1406 411 1410 -
471 1385 567 1419 458.
593 1387 717 1433 aliud:
743 1385 770 1419 il
797 1386 951 1428 Ritscffl,
969 1397 1036 1428 per
1054 1385 1289 1420 allontanare
1307 1387 1440 1430 questa
1463 1385 1595 1429 parola
1611 1395 1696 1419 ana-

223 1444 367 1488 pestica
392 1444 453 1478 dal
478 1444 636 1479 secondo
664 1444 772 1487 piede
792 1444 851 1478 del
870 1444 1014 1478 senario
1032 1443 1230 1486 giambico,
1256 1442 1401 1478 inverte
1427 1442 1583 1478 l'ordine
1598 1443 1698 1477 delle

222 1502 352 1547 parole
376 1513 395 1537 e
420 1501 537 1537 sei-ive
564 1504 638 1535 nisi
662 1514 716 1535 me
739 1503 841 1535 aliud
865 1503 950 1545 quid
975 1504 1038 1536 vis.
1064 1502 1125 1536 Ma
1151 1513 1217 1537 son
1241 1501 1339 1537 tanti
1364 1501 1378 1535 i
1402 1501 1479 1536 casi
1503 1500 1541 1535 di
1567 1503 1699 1545 queste

224 1560 352 1604 parole
378 1559 621 1603 anapestiohe
647 1559 709 1594 nel
734 1560 894 1595 secondo
911 1559 1020 1603 piede
1039 1559 1099 1594 del
1117 1560 1264 1594 senario
1280 1559 1467 1603 giambico
1485 1558 1562 1600 (cfr.
1581 1559 1698 1593 anche

224 1630 334 1663 sopra
359 1631 392 1653 v.
420 1618 512 1659 397),
537 1618 603 1652 che
628 1617 690 1653 noi
717 1629 791 1652 non
818 1618 958 1653 osiamo
989 1618 1026 1652 di
1060 1617 1222 1661 seguirlo
1260 1617 1357 1652 sulla
1394 1617 1456 1652 via
1492 1617 1531 1651 di
1566 1618 1698 1660 queste

225 1677 494 1712 emendazioni.
508 1694 550 1698 -
566 1678 736 1720 respondi
765 1674 776 1688 ⁸
795 1676 841 1711 ho
860 1676 924 1720 gie,
941 1676 1101 1720 risposto
1119 1702 1148 1719 „‚
1166 1676 1229 1710 cfr.
1243 1676 1322 1710 Mil.
1343 1675 1420 1710 184.
1438 1695 1484 1699 —
1506 1712 1509 1715 ,
1532 1673 1630 1709 459.
1647 1675 1698 1708 be-

224 1738 424 1779 nigniorem
445 1733 458 1747 ‘⁴
476 1734 541 1778 pisi
558 1735 713 1778 gentile,
729 1735 794 1778 pin
813 1734 962 1769 affabile
981 1762 1009 1777 „.
1039 1752 1081 1757 —
1129 1733 1226 1768 462.
1252 1736 1291 1767 in
1309 1738 1430 1774 aetate,
1449 1733 1514 1767 cfr.
1530 1744 1566 1767 n.
1584 1732 1640 1767 24.
1655 1749 1699 1754 -

226 1793 321 1828 463.
348 1805 469 1828 verum
499 1790 511 1804 “
530 1793 567 1827 la
594 1793 714 1827 verite,
732 1819 759 1834 „.
786 1810 830 1815 —-
926 1791 1021 1826 464.
1047 1799 1107 1836 qui
1132 1794 1151 1827 e
1177 1792 1302 1827 antica
1334 1790 1532 1835 particella
1556 1800 1700 1825 asseve-

224 1852 357 1893 rabiva,
384 1851 421 1885 la
446 1851 556 1894 quale
582 1851 609 1885 s'
623 1850 796 1886 incontra
822 1862 958 1886 ancora
975 1851 1181 1894 adoperata
1196 1850 1259 1885 nel
1283 1850 1349 1884 lat.
1377 1848 1529 1885 classico
1546 1848 1586 1883 in
1604 1859 1699 1883 eom-

222 1910 411 1955 posizione
437 1921 506 1944 con
531 1915 567 1944 at
591 1907 728 1953 (atqui),
747 1921 765 1944 e
784 1909 887 1944 nella
902 1910 1033 1953 lingua
1049 1909 1086 1943 di
1103 1909 1235 1944 Plauto
1254 1908 1353 1943 assai
1375 1907 1701 1952 frequentemenbe

225 1970 264 2004 in
290 1968 428 2003 unione
467 1979 534 2002 con
565 1969 690 2009 hercle,
727 1969 856 2012 edepol,
888 1968 1023 2011 Amph.
1056 1968 1134 2008 776,
1168 1972 1305 2001 ecastor
1335 1966 1437 2001 Asin.
1468 1965 1547 2007 930,
1572 1967 1702 2009 quippe

225 2027 310 2061 Aul.
337 2026 417 2067 348,
452 2032 489 2060 ut
525 2025 628 2069 Capt.
661 2026 741 2067 559,
773 2038 816 2059 ne
846 2025 951 2069 Capt.
985 2025 1062 2066 738,
1096 2025 1228 2060 Bacch.
1261 2025 1329 2060 263
1362 2026 1473 2058 adeon
1505 2035 1558 2058 me
1588 2024 1702 2066 fuisse

223 2087 385 2129 funyum,
412 2090 448 2118 ut
473 2086 534 2128 qui
551 2086 607 2118 illi
623 2086 809 2124 crederem,
837 2095 856 2118 e
884 2096 915 2117 v.
933 2084 1011 2118 637.
1043 2101 1079 2106 -
1145 2083 1239 2117 465.
1266 2085 1395 2124 luscus,
1420 2082 1500 2118 cio‘e
1520 2079 1534 2094 ⁸
1553 2081 1700 2126 quando

226 2146 267 2179 tu
301 2143 394 2177 mihi
430 2143 578 2177 oculum
616 2142 796 2177 ecfoderis
819 2149 847 2184 ,‚‘.
889 2162 925 2166 —
1027 2141 1123 2176 466.
1155 2144 1208 2175 ita
1244 2143 1264 2176 e
1301 2141 1341 2175 in
1378 2140 1620 2176 connessione
1644 2139 1702 2174 001

225 2214 258 2236 ν.
284 2202 365 2236 455.
393 2218 435 2223 -
461 2213 556 2234 nnnc
580 2206 629 2242 tec,
656 2201 712 2235 001
737 2200 910 2244 palimps.
937 2200 1106 2242 ambros„
1121 2211 1188 2244 per
1212 2205 1250 2234 tu
1275 2211 1369 2234 nunc
1393 2199 1453 2234 dei
1479 2199 1583 2235 codd.
1600 2197 1703 2242 pala·

226 2260 309 2294 tini.
335 2277 380 2282 —-
453 2259 549 2293 467.
574 2261 758 2302 factiones,
787 2259 850 2293 cfr.
877 2271 912 2292 n.
930 2259 1009 2293 452.
1037 2279 1081 2283 —
1154 2257 1250 2292 468.
1276 2255 1574 2292 nunc=u13¹rlxot
1595 2254 1608 2268 ¹⁶
1627 2267 1703 2298 ora,

226 2329 293 2361 per
318 2318 482 2362 esempio
501 2344 530 2360 „‚
557 2317 621 2352 cfr.
648 2329 680 2352 V.
710 2318 775 2352 116
802 2328 821 2352 e
848 2317 931 2352 Aul.
959 2317 1026 2351 255
1053 2318 1169 2360 quid?
1191 2328 1285 2350 nunc
1310 2317 1416 2350 etiam
1445 2316 1534 2349 mihi
1557 2316 1702 2358 despon-

227 2378 287 2410 des
309 2377 454 2418 filiam?
480 2396 516 2401 —
548 2379 585 2410 in
611 2377 741 2410 aedem.
768 2375 850 2410 Non
876 2375 954 2410 solo
981 2375 992 2408 i
1023 2374 1200 2410 cittadini
1231 2373 1410 2408 offrivano
1446 2373 1486 2407 in
1523 2373 1642 2408 Roma.
1666 2372 1704 2407 la

226 2434 372 2468 decima
403 2436 509 2477 parte
536 2434 597 2468 dei
623 2433 701 2468 loro
727 2433 917 2478 guaclagni
942 2433 1098 2468 sull'ara
1118 2424 1282 2467 *maxima
1307 2431 1345 2466 di
1371 2431 1549 2466 Hercules
1573 2430 1705 2466 Victor

228 2503 248 2526 0
267 2491 531 2535 Triumphalis,
554 2503 615 2526 ma
640 2492 755 2526 anche
782 2491 795 2525 i
822 2491 1062 2526 comandanti
1079 2490 1180 2534 degli
1199 2489 1359 2531 esereiffi,
1378 2489 1445 2524 che
1462 2489 1703 2524 ritornavano

226 2549 423 2584 trionfanti
449 2550 547 2584 dalle
573 2550 651 2585 loro
679 2549 894 2594 spedizioni,
914 2550 1058 2584 davano
1084 2549 1123 2583 in
1149 2547 1282 2584 offerta
1307 2560 1328 2583 a
1355 2547 1470 2582 Giove
1496 2547 1534 2581 la
1558 2546 1704 2582 decima.

227 2609 332 2652 parte
360 2607 421 2642 del
446 2607 592 2642 bottino
618 2608 655 2641 di
681 2619 829 2651 guerra,
854 2619 920 2651 per
937 2608 1014 2642 fare
1034 2619 1100 2642 con
1121 2618 1202 2642 essa
1219 2618 1270 2641 un
1287 2606 1488 2641 banchetto
1507 2605 1542 2640 al
1567 2604 1705 2649 popolo
