1818 2973
217 106 262 143 52
806 118 844 146 Μ.
869 118 952 146 Λοοῐ
975 117 1106 146 pmcn
1408 105 1411 109 ’
1731 0 1818 192 Ἰ

1811 201 1818 215 .

323 197 497 248 Quando
516 200 708 251 equidem
728 211 807 241 nec
827 196 899 240 tibi
921 201 1027 240 bene
1040 212 1130 241 esse
1151 199 1246 251 pote
1266 201 1351 252 pati
1371 212 1510 252 neque
1528 201 1677 243 alteri·
1679 233 1689 242 .

219 278 295 316 ΡΗ.
323 271 416 316 Scio
444 277 635 326 equidem
665 276 772 315 istuc
800 270 859 314 ita
887 275 1023 315 solere
1051 270 1162 316 fieri:
1192 287 1354 323 uerum,
1385 275 1510 327 gnate
1540 278 1608 325 mi,

325 353 363 391 Is
390 354 454 391 est
482 351 688 397 immunis,
719 344 814 400 quoi
845 349 950 389 nihil
979 352 1042 390 est
1069 350 1140 400 qui
1170 346 1322 390 munus
1343 348 1542 402 fungatur
1560 363 1689 392 suom.

219 423 455 469 LV.De1'1m
485 426 643 465 virtute
670 422 875 465 hahemus
902 428 945 465 et
973 425 1042 475 qui
1073 423 1233 466 nosmet
1248 423 1429 474 utamur,
1451 430 1582 477 pater,
1611 428 1690 466 355

324 494 375 541 Et
401 501 494 539 aliis
522 500 592 549 qui
621 497 805 539 comitati
834 494 963 539 simus
990 499 1349 540 beneuolentihus.
1443 542 1447 545 ,
1631 530 1665 553 75

221 580 296 617 PH.
325 575 429 617 Non*
443 577 589 626 edepol
618 576 690 615 tibi
722 572 955 626 pernegare
976 574 1139 626 possum
1169 576 1394 626 quidquam
1423 574 1531 626 quod
1560 577 1691 616 uelis:

323 645 424 698 Quoi
453 647 681 700 egestatem
710 651 893 690 tolerare
921 645 1014 689 uis?
1043 651 1215 700 loquere
1244 649 1446 690 audacter·
1475 651 1599 700 patri.

221 851 325 885 verta
343 877 370 892 ,,.
396 850 426 884 Il
451 851 584 885 neutro
612 850 743 884 malum
780 861 843 884 era
875 850 1156 885 ‘naturalmente
1181 850 1378 886 sottinteso
1405 851 1628 887 trattandosi
1654 852 1690 886 di

219 907 512 951 un'espressione
537 907 737 952 popolare;
764 919 825 942 ma
851 907 862 941 i
889 907 1007 942 codici
1032 908 1068 942 lo
1094 908 1218 942 hanno
1245 908 1424 953 aggiunto
1439 920 1540 944 come
1557 910 1693 953 glossa,

219 978 286 1011 per
310 965 497 1001 dichiarar
522 965 658 1008 meglio
684 965 712 999 il
738 965 946 1007 significato
972 965 1072 1000 della
1089 965 1196 1000 frase.
1216 965 1276 1000 Gli
1293 966 1380 1000 altri
1403 966 1537 1002 editori
1562 968 1692 1002 invece

219 1025 471 1069 preferiscono
490 1024 528 1058 di
547 1034 754 1067 espungere
772 1024 874 1057 velim
893 1034 911 1057 e
930 1023 968 1057 di
986 1023 1122 1058 lasciar
1140 1025 1282 1058 malum.
1302 1041 1344 1046 —
1362 1025 1448 1058 illuc
1460 1037 1507 1051 =
1523 1023 1692 1059 'illud-ce.

219 1103 265 1109 -
339 1082 432 1117 352.
459 1084 626 1126 equidem,
653 1081 710 1116 col
735 1081 979 1124 palimpsesto
999 1081 1171 1122 ambros„
1196 1093 1263 1125 per
1287 1084 1568 1126 quandoquidem
1592 1082 1711 1126 degli'

219 1141 307 1176 altri
333 1141 437 1176 codd.
463 1141 493 1174 Il
520 1139 687 1174 Ribbeck
711 1139 760 1173 ha-
784 1139 1005 1175 dimostrato
1044 1140 1110 1174 che
1146 1142 1280 1183 questa
1305 1140 1503 1183 particella
1527 1140 1693 1175 afferma-

217 1200 297 1234 tiva
321 1211 396 1234 non
421 1198 555 1233 risulta
579 1198 643 1241 gia
669 1199 860 1241 composta.
889 1198 936 1232 da
953 1209 1012 1240 eqo
1030 1209 1049 1232 e
1068 1200 1217 1241 quidem,
1245 1209 1349 1233 come
1375 1200 1653 1233 ammettevano
1679 1198 1693 1232 i

217 1255 455 1300 grammatici
487 1255 641 1295 antichi,
681 1266 741 1289 ma
778 1255 931 1289 sibbene
958 1254 1303 1290 dall'interiezione
1329 1267 1357 1297 e,
1383 1256 1449 1290 che
1483 1255 1514 1290 si
1538 1257 1630 1290 nota.
1654 1257 1694 1290 in

218 1317 322 1354 em'm,
349 1325 368 1348 e
395 1314 442 1348 da
466 1315 628 1357 quidem:
667 1312 791 1356 percio
818 1312 975 1347 avviene
1002 1312 1068 1347 che
1101 1312 1141 1346 in
1166 1312 1298 1348 Plauto
1323 1313 1386 1347 noi
1411 1313 1594 1348 troviamo
1620 1313 1693 1347 ben

217 1383 345 1417 spesso
371 1373 526 1415 equidem
545 1371 746 1414 congiunto
766 1371 883 1405 anche
902 1381 970 1405 con
988 1370 1158 1414 pronomi
1178 1370 1215 1404 di
1235 1372 1335 1404 [erza
1353 1381 1522 1414 persona,
1547 1373 1692 1405 mentre

218 1431 256 1465 la
280 1441 390 1474 prosa
416 1429 570 1464 classica
596 1440 640 1463 ne
677 1429 853 1463 restrinse
881 1440 902 1462 a
927 1439 1019 1471 poco
1055 1439 1078 1462 a
1114 1439 1205 1472 poco
1239 1428 1332 1463 l'uso
1362 1428 1469 1472 quasi
1497 1428 1694 1463 esclusiva-

219 1491 343 1523 mente
369 1488 571 1522 all'unione
610 1487 666 1521 col
693 1497 871 1530 pronome
910 1486 948 1519 di
985 1486 1109 1530 prima
1148 1497 1317 1529 persona,
1355 1486 1418 1520 cfr.
1457 1487 1589 1521 Bacch.
1626 1486 1694 1521 974

219 1548 497 1590 quadrinyentos
530 1546 624 1587 filios
660 1545 760 1578 habet
797 1549 898 1588 atque
923 1545 1079 1587 equidem
1110 1546 1224 1578 omnis
1250 1546 1352 1578 lectos
1376 1546 1452 1578 sine
1475 1546 1623 1587 probro.
1650 1565 1691 1569 —

214 1610 296 1648 pote
313 1615 331 1638 e
349 1606 454 1647 potis,
480 1602 685 1638 coll'ellissi
711 1602 810 1637 della
836 1602 1015 1646 copula,
1040 1602 1072 1636 si
1096 1604 1251 1637 trovano
1270 1602 1593 1645 frequentamente
1610 1602 1692 1636 ado-

219 1662 341 1707 perati
366 1663 404 1696 in
430 1661 563 1696 Plauto
589 1672 664 1696 non
690 1660 768 1695 solo
794 1660 856 1694 nel
883 1671 989 1695 senso
1016 1660 1053 1694 di
1073 1665 1184 1704 potes,
1212 1671 1313 1695 come
1332 1659 1488 1694 avviene
1506 1659 1545 1693 in
1563 1662 1694 1704 questo

218 1720 328 1764 luogo
355 1731 374 1755 e
400 1720 438 1754 in
463 1720 563 1754 Pers.
591 1720 621 1760 1,
650 1720 680 1761 1,
708 1719 764 1760 31,
790 1730 851 1753 ma
878 1719 995 1753 anche
1022 1729 1040 1753 e
1067 1718 1131 1762 piu
1158 1729 1282 1762 spesso
1300 1717 1363 1752 nel
1385 1729 1492 1753 senso
1511 1717 1548 1751 di
1572 1722 1684 1761 potest

220 1779 282 1813 cfr.
312 1791 343 1812 V.
369 1778 436 1812 628
463 1789 482 1812 e
509 1789 575 1822 per
600 1777 627 1811 il
653 1789 760 1812 senso
785 1777 916 1811 Pseud.
946 1777 1035 1811 1135
1061 1779 1122 1820 qui
1147 1788 1253 1820 neque
1279 1778 1343 1810 tibi
1375 1777 1456 1810 bene
1481 1787 1552 1810 esse
1570 1780 1698 1819 parere

220 1842 251 1870 et
275 1838 351 1870 illis
377 1838 502 1880 quibus
526 1841 576 1870 est
600 1837 747 1869 invides.
774 1855 817 1859 —
843 1835 885 1868 In
911 1836 1043 1878 questo
1072 1845 1176 1869 verso
1204 1833 1234 1868 si
1261 1833 1426 1869 deserive
1452 1834 1603 1874 l'avaro‚
1629 1833 1695 1868 che

219 1907 294 1930 non
320 1895 459 1938 spende
477 1905 543 1938 per
560 1895 609 1935 se,
629 1895 673 1928 ne
693 1894 740 1928 da
759 1894 804 1927 ad
823 1892 911 1927 altri
928 1892 1085 1928 briciola
1103 1893 1163 1927 del
1181 1903 1246 1927 suo
1265 1903 1388 1927 avere.
1406 1912 1451 1917 —
1512 1890 1607 1925 354.
1625 1894 1696 1935 qui,

220 1953 304 1995 abl.,
332 1953 394 1987 cfr.
421 1964 456 1986 n.
486 1953 528 1986 14
554 1963 572 1986 e
593 1952 670 1986 356.
699 1969 741 1974 -
766 1953 872 1994 fungi
897 1951 1071 1993 coll'acc.,
1098 1951 1161 1985 cfr.
1187 1962 1222 1984 n.
1252 1951 1282 1985 1.
1309 1970 1354 1974 —-
1421 1949 1516 1984 355.
1542 1949 1697 1984 Lisitele

218 2011 403 2047 rassicura
427 2010 455 2044 il
481 2010 594 2053 padre
627 2009 688 2044 del
725 2009 860 2044 timore
895 2009 961 2043 che
1003 2009 1075 2043 essi
1108 2019 1267 2052 possano
1305 2019 1429 2042 correr
1464 2007 1628 2052 pericolo
1659 2008 1697 2041 di

219 2071 392 2105 diventar
416 2068 545 2113 poveri
570 2079 636 2111 per
662 2067 901 2110 prodigalifiz,
937 2067 992 2102 col
1031 2067 1143 2110 dirgli
1181 2067 1247 2101 che
1284 2066 1322 2100 la
1359 2066 1509 2100 fortuna
1537 2065 1586 2100 ha
1611 2065 1697 2100 dato

219 2128 299 2164 loro
325 2139 401 2162 non
427 2127 505 2162 solo
531 2126 558 2161 11
584 2126 794 2160 necessario
822 2126 883 2169 pei
910 2126 988 2160 loro
1014 2125 1172 2169 bisogni,
1199 2136 1261 2159 ma
1287 2124 1403 2158 anche
1422 2124 1450 2158 il
1475 2123 1606 2168 dippiii
1632 2135 1699 2167 per

219 2187 324 2221 farne
343 2186 462 2220 carita
488 2184 563 2228 agli
589 2184 688 2218 altri.
715 2201 759 2205 —
785 2186 846 2226 qni
870 2184 908 2217 fa
934 2183 1039 2227 quasi
1071 2184 1104 2218 le
1132 2183 1212 2217 veci
1237 2183 1275 2216 di
1301 2188 1349 2216 ut.
1377 2203 1418 2207 —
1482 2181 1578 2215 356.
1597 2183 1699 2215 comi-

221 2247 288 2279 tati
312 2256 384 2279 esse
409 2245 715 2278 alicui—comem
741 2253 832 2282 e.sse;
861 2242 924 2276 cfr.
951 2244 1091 2278 damno
1118 2243 1227 2282 lucro,
1253 2243 1347 2281 usui,
1374 2242 1524 2274 utilitati
1546 2251 1629 2274 esse.
1654 2259 1699 2264 —

222 2302 316 2336 357.
339 2313 596 2346 pet-Famam:
604 2302 800 2343 persistere
825 2302 862 2332 in
888 2302 1065 2343 neyand03
1100 2299 1164 2334 cfr.
1191 2299 1293 2334 Asin.
1318 2298 1350 2339 2,
1377 2298 1409 2338 2,
1436 2298 1479 2332 56
1504 2298 1700 2341 perneyabo

220 2368 324 2405 atque
349 2361 538 2399 obdia-‚abo
560 2358 759 2402 per'fflmabo
784 2359 942 2401 deniqne.
968 2377 1012 2382 -
1039 2358 1157 2401 quod
1148 2368 1167 2391 e
1186 2367 1328 2392 omesso
1353 2355 1416 2390 nel
1434 2356 1512 2390 cod.
1540 2356 1699 2390 ambros·

220 2439 265 2444 --
293 2419 376 2452 seli->²
403 2430 421 2452 e
448 2428 551 2461 cong.
577 2415 799 2460 potenziale.
824 2433 870 2438 —
952 2415 1048 2450 358.
1074 2418 1155 2459 quoi
1180 2426 1199 2449 e
1226 2416 1442 2458 computato
1468 2424 1572 2449 come
1597 2413 1698 2448 bisil-

220 2478 329 2516 lab0;
358 2476 421 2509 cfr.
441 2482 472 2509 ἑὶ
490 2487 508 2509 e
527 2475 563 2509 la
589 2474 709 2509 forma
735 2473 794 2507 del
822 2473 898 2508 dat.
924 2475 1022 2518 quoii
1047 2484 1188 2517 oppure
1214 2474 1329 2516 quoiei
1345 2485 1389 2498 =
1408 2474 1475 2513 cui,
1502 2471 1596 2506 che
1586 2482 1606 2506 e
1624 2472 1700 2506 cosi

221 2535 420 2578 frequente
447 2533 545 2568 nelle
571 2530 757 2566 iscrizioni
791 2531 851 2566 del
889 2532 1041 2567 settimo
1067 2531 1201 2566 secolo.
1227 2531 1454 2565 Veramente
1478 2529 1541 2564 nei
1567 2540 1701 2565 mano·

222 2593 343 2629 scritti
371 2591 403 2626 ai
433 2594 537 2633 ponto
565 2590 600 2624 di
627 2591 709 2634 quoi
734 2589 764 2623 si
792 2589 901 2634 legge
929 2593 1052 2634 cuius5
1078 2601 1139 2624 ma
1163 2589 1191 2624 11
1217 2589 1344 2624 dativo
1382 2590 1401 2623 ὲ
1437 2587 1614 2623 richiesto
1639 2598 1701 2623 ne·
