1872 2968
296 83 341 120 32
886 96 924 122 Μ.
949 96 1031 122 Αοοι
1055 97 1187 124 ptum

404 173 585 216 Oecli’isti
614 176 818 227 linguam:
848 175 952 216 nihil
981 179 1045 217 est
1071 179 1180 228 quod
1207 178 1494 229 respondeam.

299 253 371 291 CA.
400 253 521 291 Nunc
548 250 624 303 ego
652 255 694 291 te
722 262 875 302 quaeso
903 255 949 290 ut
977 263 1044 292 me
1072 251 1198 302 opera
1227 257 1270 293 et
1296 253 1467 299 consilio
1495 255 1617 296 iuues

405 317 777 382 Commsinicesque
805 332 916 373 hanc
945 331 1107 373 mecum
1140 345 1274 374 meam
1311 332 1582 385 prouinciam.
1692 339 1768 377 190

304 411 386 448 ΜΕ.
405 403 607 449 Polliceor
621 419 803 459 operam.
833 409 905 448 CA.
921 411 1028 460 Ergo
1048 405 1116 448 tibi
1138 410 1221 449 eris
1234 411 1360 460 paulo
1381 409 1491 460 post?
1529 415 1611 452 ΜΕ.
1630 413 1766 453 Domi:

405 479 615 534 Numquid
645 483 739 522 uis?
767 485 839 523 CA.
860 485 990 524 Cures
1009 484 1124 525 tuam
1147 485 1284 525 fidem.
1314 488 1395 525 ΜΕ.
1416 487 1481 526 Fit
1500 486 1662 527 sedulo:
1695 517 1743 540 ‚55

407 566 486 605 Sed
515 561 612 615 quid
642 566 732 605 ais'.e
786 568 859 606 CA.
887 567 989 613 Quid
1021 567 1113 606 uis?
1169 570 1249 606 ΜΕ.
1279 551 1354 607 <Vbi
1384 579 1497 608 nunc
1524 566 1771 609 adulescens

1611 643 1769 684 habet?

303 713 375 750 CA.
405 706 658 750 Posticulum
688 711 768 752 hoc
796 710 968 762 recepit,
998 724 1120 762 quom
1149 713 1264 753 aedis
1291 711 1490 753 uendidit.

302 788 384 825 ΜΕ.
414 781 523 825 Istuc
551 787 740 826 uolebam
770 783 898 827 scire:
929 787 939 825 i
969 798 1068 826 sane
1098 784 1308 827 nunciam.
1693 790 1769 828 195

409 862 487 901 Sed
505 856 602 911 quid
617 862 690 908 ais,
707 862 804 912 quid
820 873 932 902 nuno
948 857 1092 913 uirgo?
1121 874 1270 913 nempe
1289 864 1398 913 apud
1429 861 1536 903 test?
1564 865 1636 904 CA.
1656 865 1768 911 Itast,

410 927 616 993 qutaque
644 954 736 983 eam
766 954 869 983 curo
897 939 990 983 cum
1022 955 1127 983 mea.
1183 946 1263 983 ΜΕ.
1293 942 1422 984 Recte
1455 941 1569 984 facis.
1696 974 1744 998 ¹⁶0

303 1021 375 1060 CA.
406 1013 615 1069 Numquid
646 1019 762 1069 prius
791 1030 915 1069 quam
943 1020 1045 1058 abeo
1075 1016 1141 1059 me
1168 1016 1436 1070 rogatumi's?
1492 1022 1573 1059 ΜΕ.
1602 1020 1718 1059 Vale.

407 1094 521 1134 Nihil
552 1092 614 1133 est
643 1095 828 1144 profecto
857 1090 1024 1133 stultius
1052 1106 1189 1144 neque
1217 1093 1404 1134 stolidius

407 1172 552 1221 Neque
582 1168 946 1220 mendaciloquum
975 1170 1110 1220 neque
1140 1171 1242 1210 adeo
1270 1166 1465 1221 argutum
1496 1171 1627 1221 magis
1694 1172 1773 1211 200

303 1303 377 1335 nisi
401 1303 550 1342 resistis,
576 1297 692 1339 Ὀξύς.
720 1318 763 1323 —-
811 1300 898 1335 188.
925 1302 1328 1335 occlusti=occlizsisth
1353 1318 1399 1323 —
1470 1300 1558 1335 190.
1584 1303 1773 1335 communi-

304 1371 667 1394 care=communem
691 1361 809 1401 facere
838 1357 851 1371 ⁴‘
874 1359 1065 1403 oceuparsi
1086 1386 1114 1401 ‚.
1142 1377 1184 1381 —
1213 1361 1436 1403 provinciam
1454 1361 1512 1393 sta
1536 1370 1603 1402 per
1619 1359 1774 1392 tutelam.

303 1438 348 1442 —
397 1416 483 1451 192.
509 1419 681 1460 numquid
708 1419 767 1457 ris,
795 1417 858 1451 cfr.
884 1429 916 1451 v.
946 1417 1022 1457 198,
1049 1419 1068 1451 0
1095 1417 1131 1451 la
1145 1417 1305 1451 formula
1331 1416 1496 1450 abituale
1521 1415 1558 1450 di
1584 1416 1682 1452 colui
1707 1415 1774 1451 che

303 1476 334 1510 si
360 1476 526 1519 congeda
551 1475 597 1509 da.
622 1487 671 1509 un
699 1475 816 1509 altro:
844 1476 862 1509 e
889 1475 926 1509 la
952 1475 1113 1509 seconda
1131 1475 1261 1518 pai-ola
1290 1475 1356 1509 che
1384 1474 1512 1510 Orazio
1536 1474 1690 1518 rivolge,
1708 1486 1776 1519 per

302 1534 484 1569 levarselo
511 1534 706 1573 d'attorno‚
734 1533 918 1568 all'amico
945 1533 1071 1568 noioso
1099 1533 1165 1567 che
1191 1543 1309 1567 aveva
1345 1533 1555 1567 incontrato
1592 1532 1689 1566 sulla
1717 1533 1775 1565 via

302 1604 419 1633 sacra,
435 1592 510 1626 Sat.
537 1592 567 1632 1,
595 1592 626 1631 9,
653 1592 684 1625 6.
713 1591 783 1625 Cfr.
810 1591 891 1625 Ter.
917 1590 1010 1625 Eun.
1037 1592 1067 1631 2,
1095 1591 1126 1631 3,
1154 1591 1217 1625 50:
1244 1593 1327 1624 dum
1345 1593 1428 1624 haec
1452 1592 1539 1624 dic-it
1563 1591 1650 1624 abiit
1673 1590 1774 1630 hora,

303 1662 386 1693 royo
413 1651 617 1693 numquid
642 1650 766 1690 velit,
793 1649 885 1683 dove
913 1649 1056 1684 Donato
1084 1651 1243 1682 annota:
1271 1649 1416 1690 abituri,
1442 1660 1484 1682 ne
1508 1649 1547 1681 id
1571 1649 1661 1681 dure
1683 1647 1775 1689 face-

304 1714 393 1750 rent,
428 1710 633 1751 numquid
670 1709 769 1741 vis?
800 1708 961 1742 dicebant
998 1709 1045 1741 iis
1083 1708 1286 1750 quibuscum
1324 1708 1569 1740 constitissent.
1601 1723 1646 1728 ——
1675 1714 1777 1738 cures

303 1773 401 1801 tuam
423 1768 527 1809 fidem
555 1764 568 1778 ¹‘
591 1777 767 1800 conserva
793 1765 821 1799 il
846 1767 911 1800 tuo
938 1767 1085 1810 Segi-eto
1108 1791 1135 1807 „.
1170 1782 1206 1786 --
1307 1762 1394 1796 193.
1420 1765 1480 1797 sed
1504 1763 1590 1806 qnid
1614 1764 1671 1796 ais
1695 1763 1714 1797 0
1739 1761 1778 1796 la.

303 1824 463 1860 formula
488 1825 691 1868 adoperata
717 1825 999 1858 comunemente
1018 1834 1084 1867 per
1103 1822 1313 1856 introdurre
1332 1833 1406 1855 una
1422 1832 1546 1856 nuova
1570 1820 1776 1855 domanda:

309 1882 322 1896 “
345 1883 393 1917 di’
408 1894 457 1917 un
482 1883 540 1926 po‘
562 1910 575 1924 „
592 1894 599 1923 ;
626 1883 689 1917 cfr.
709 1883 776 1916 930
794 1884 879 1926 quid
897 1884 978 1915 ais?
1000 1883 1085 1925 quid
1110 1883 1172 1915 hoc
1190 1883 1281 1924 quod
1306 1885 1337 1914 te
1365 1882 1476 1923 royo?
1493 1897 1529 1901 —
1548 1879 1776 1912 habet==ha=

305 1943 402 1982 bitat,
429 1941 493 1976 cfr.
512 1941 590 1974 390.
618 1956 661 1959 —
744 1940 830 1974 194.
854 1942 1068 1984 posticulum
1099 1938 1110 1950 ⁸
1135 1941 1268 1982 questa
1293 1937 1437 1981 piecola
1462 1938 1568 1980 parte
1595 1936 1633 1970 di
1658 1935 1776 1970 diet-ro

305 1999 504 2044 (posticum)
525 2026 539 2040 ‚,
568 2001 587 2033 0
606 2011 655 2032 un
681 1997 775 2031 ἅπαξ
798 1997 994 2037 λεγόμενον
1014 1997 1195 2040 plautino.
1212 2013 1255 2017 —
1273 1998 1430 2038 recipere
1447 1996 1467 2029 e
1484 1993 1778 2037 un'espressione

305 2057 510 2102 giuridica:
542 2055 554 2068 “⁷
576 2057 615 2090 in
641 2055 919 2090 venditionibus
947 2057 1058 2098 recipi
1084 2055 1258 2089 dicuntur
1284 2065 1378 2097 quae
1399 2053 1634 2096 excipiuntur
1657 2062 1779 2096 neque

307 2117 470 2151 veneunt
491 2143 504 2158 ,,
535 2114 627 2149 Geli.
656 2116 710 2157 17,
737 2114 767 2154 6,
795 2114 826 2147 6.
847 2128 889 2132 -
908 2114 970 2146 hoc
1000 2114 1018 2146 e
1045 2113 1245 2152 δεικτικός;
1272 2112 1335 2146 cfr.
1356 2112 1422 2145 124
1449 2122 1468 2145 e
1497 2110 1596 2144 1085.
1619 2129 1655 2134 —
1677 2121 1780 2154 quom

307 2175 346 2209 in
371 2185 476 2209 senso
502 2172 709 2217 temporale
736 2183 808 2206 non
835 2173 853 2205 0
880 2171 956 2205 mai
983 2171 1184 2214 adoperato
1223 2170 1326 2213 dagli
1364 2168 1528 2204 scrittori
1561 2167 1697 2202 arcaioi
1722 2167 1779 2202 col

308 2232 568 2276 congiuntivo;
596 2231 716 2265 sieehe
743 2231 833 2264 deve
862 2240 982 2264 essere
1008 2229 1255 2264 sieuramente
1283 2231 1407 2263 errata
1444 2227 1481 2261 la
1511 2226 1653 2261 lezione
1678 2237 1780 2270 quom

308 2293 468 2325 venderet
494 2290 559 2325 che
578 2290 625 2324 da
642 2288 774 2329 Nonio,
799 2300 834 2332 p.
862 2289 939 2328 354,
962 2289 1003 2322 10
1023 2287 1060 2321 di
1087 2290 1217 2330 questo
1236 2287 1358 2330 luogo.
1383 2303 1429 2308 —
1489 2284 1575 2319 195.
1602 2286 1780 2324 nunciam,

309 2350 372 2384 cfr.
399 2361 434 2382 n.
463 2348 493 2382 3.
522 2366 568 2371 —-
663 2346 750 2381 196.
776 2358 897 2390 nempe
926 2343 939 2358 ‘⁴
962 2346 997 2381 io
1032 2357 1225 2390 suppongo
1248 2372 1277 2387 Μ
1302 2345 1365 2378 cfr.
1393 2343 1472 2384 328,
1498 2344 1577 2384 966,
1608 2343 1710 2378 1076.
1735 2361 1780 2366 —-

310 2406 396 2441 197.
422 2410 526 2441 iuxta
547 2420 593 2433 =
619 2407 797 2446 similiter,
825 2416 939 2448 aeque,
967 2406 985 2438 0
1013 2404 1214 2447 adoperato
1241 2403 1288 2436 da
1324 2403 1456 2437 Plauto
1483 2401 1560 2437 solo
1587 2411 1688 2436 come
1721 2410 1780 2434 av—

310 2464 437 2499 verbio
465 2475 483 2498 e
503 2464 702 2508 eongiunto
724 2473 870 2506 sempre
889 2473 956 2496 con
981 2473 1081 2495 cum:
1109 2461 1171 2495 cfr.
1191 2461 1277 2495 Sall.
1297 2460 1375 2495 Cat.
1401 2459 1457 2500 58,
1484 2459 1504 2493 5
1530 2461 1634 2493 iuxta
1650 2469 1782 2492 mecum

310 2534 428 2557 omnes
453 2523 670 2565 intelleyetis.
689 2536 733 2541 --
806 2520 892 2554 199.
911 2521 1056 2554 stultius
1074 2530 1092 2554 e
1111 2521 1276 2553 stolidius
1300 2529 1388 2553 sono
1404 2516 1561 2551 identici
1585 2515 1687 2550 nella
1713 2515 1783 2550 de-

310 2580 496 2616 rivazione
523 2592 542 2615 e
569 2579 676 2623 quasi
701 2578 876 2614 sinonimi
901 2577 963 2612 nel
988 2577 1171 2621 pensiero.
1199 2594 1242 2600 —
1314 2575 1409 2610 200.
1435 2575 1738 2618 mendaciloquum
1762 2573 1783 2608 ὲ
