1818 2973
220 108 264 143 82
809 123 848 148 M.
873 123 956 149 Acct
980 124 1112 151 prum

326 203 457 248 Quam
485 194 528 241 in
558 213 604 243 re
633 204 750 243 salua
771 202 1023 245 Lesbonicus
1050 203 1184 246 factus
1212 208 1275 247 est
1303 204 1536 259 frugalior?
1617 209 1697 250 610

220 276 288 316 S'r.
326 259 462 326 Atque
490 277 685 327 equidem
713 278 826 329 ipsus
853 275 967 319 ultro
996 280 1113 320 uenit
1133 276 1270 321 Philto
1298 285 1464 322 oratum
1493 279 1593 324 silio.
1637 314 1668 337 ,0

219 350 293 389 CA.
322 349 546 402 Flagitium
575 352 742 402 quidem
773 351 917 394 hercle
947 354 1030 402 fiet,
1060 350 1138 394 nisi
1168 357 1240 396 dos
1268 357 1436 396 dabitur
1472 353 1641 409 uirgini.

325 423 539 466 Postremo
558 428 703 478 edepol
724 425 801 479 ego
830 429 950 468 istam
972 440 1061 469 rem
1085 429 1093 481 1
1116 431 1168 470 ad
1190 442 1255 471 me
1274 429 1456 473 attinere
1475 432 1693 485 intellego:

323 484 394 541 I'bo
420 502 473 540 ad
503 513 643 542 meum
672 498 967 554 castigatorem
989 507 1115 555 atque
1142 503 1194 545 ab
1223 517 1273 546 eo
1301 504 1521 547 consilium
1541 511 1693 559 petam.

218 576 287 615 S'r.
314 572 619 626 Propemodum
661 577 759 628 quid
800 573 887 618 illic
925 579 1093 620 festinet
1132 578 1265 621 sentio
1293 584 1337 622 et
1364 579 1526 623 subolet
1563 583 1693 624 mihi:

1614 657 1694 697 615

321 706 376 762 Vt
404 734 507 774 agro
535 727 705 764 euortat
733 722 1019 775 Lesbonicum,
1049 727 1216 779 quando
1243 730 1400 769 euortit
1418 727 1602 770 aedibus.
1633 760 1666 783 ,5

322 782 353 837 ό
381 809 455 839 ere
483 797 742 849 Charmides,
785 812 909 851 quom
952 803 1112 843 absenti
1142 803 1213 844 hic
1241 801 1313 844 t1’1a
1343 816 1411 845 res
1441 801 1692 846 distrahitur

1603 881 1690 929 tibi,

328 932 492 989 <stiuam
521 952 563 990 te
592 946 766 991 rediisse
793 953 954 991 saluom
983 947 1162 1000 uideam,
1193 956 1239 993 ut
1268 953 1456 995 inimicos
1475 956 1569 996 tuos
1665 1007 1669 1010 .

322 1008 550 1072 Vlciscarffi
583 1029 628 1065 ut
657 1020 771 1074 mihi,
793 1029 840 1066 ut
868 1038 969 1078 erga
991 1030 1031 1068 te
1051 1028 1109 1067 fui
1129 1027 1170 1068 et
1190 1040 1293 1076 sum,
1315 1030 1477 1070 referas
1495 1027 1690 1081 grat-iam.

319 1096 505 1140 Nimium
534 1099 742 1141 difficilest
781 1103 962 1152 reperiri
991 1098 1172 1143 amicum
1204 1104 1259 1144 ita
1299 1107 1345 1145 ut
1382 1102 1534 1146 nomen
1563 1107 1688 1154 cluet,

1612 1180 1691 1218 620

318 1243 420 1297 Quoi
437 1252 551 1289 tuam
567 1261 691 1300 quom
707 1248 796 1290 rem
808 1251 1050 1298 credideris,
1067 1247 1159 1292 sine
1173 1252 1284 1292 omni
1301 1263 1405 1293 cura
1417 1252 1613 1293 dormias.
1630 1283 1663 1306 ,ο

213 1382 251 1417 vi
276 1383 308 1417 si
333 1383 545 1427 adoperava
570 1384 648 1419 cioe
674 1386 840 1427 nefrones
876 1397 944 1429 per
979 1387 1169 1429 nefrendes
1195 1397 1214 1421 e
1239 1391 1380 1429 tonqere
1406 1399 1472 1431 per
1496 1400 1607 1422 nosse.
1645 1407 1690 1413 —

212 1446 312 1475 tanto
329 1441 489 1485 dipende
508 1443 554 1476 da
567 1444 761 1486 fruyalior.
781 1463 825 1468 -
871 1443 955 1478 610.
974 1446 1159 1487 frzcyale'or
1176 1446 1194 1479 e
1213 1444 1241 1478 il
1266 1446 1520 1489 comparativo
1535 1446 1573 1480 di
1589 1447 1693 1491 fruyi

217 1497 230 1512 ¹⁶
252 1500 446 1543 prudente,
473 1503 683 1542 assennato,
710 1512 887 1537 economo
910 1529 938 1545 „.
964 1522 1009 1526 ——
1059 1501 1134 1537 611.
1162 1503 1313 1539 Intorno
1333 1504 1462 1540 all'uso
1480 1504 1516 1539 di
1534 1507 1691 1549 equidem

213 1558 414 1601 congiunto
440 1570 509 1594 con
534 1570 608 1593 una
633 1561 734 1594 terza
759 1571 929 1604 persona,
948 1561 1010 1595 cfr.
1028 1573 1063 1595 n.
1083 1560 1150 1595 352
1166 1573 1173 1596 ε
1191 1562 1326 1597 Plauto
1345 1573 1364 1596 e
1383 1562 1560 1597 Terenzio
1577 1563 1691 1598 l'ado-

211 1627 352 1660 perano
379 1617 486 1660 quasi
513 1619 810 1653 costantemente
836 1618 874 1653 in
901 1619 1036 1654 unione
1075 1631 1143 1655 con
1169 1625 1280 1663 atque.
1307 1637 1351 1642 —
1378 1626 1519 1655 oratum
1544 1631 1613 1655 con
1639 1632 1689 1655 un

212 1673 339 1710 dativo
366 1674 404 1708 di
431 1686 541 1719 scopo
568 1675 771 1710 s‘incontra
798 1676 914 1711 anche
941 1676 980 1710 iu
1006 1677 1088 1711 Ter.
1115 1677 1227 1711 Andr.
1248 1677 1278 1717 3,
1299 1677 1331 1719 2,
1349 1677 1405 1712 48.
1426 1695 1468 1700 -
1520 1677 1607 1712 612.
1623 1679 1690 1721 fla·

209 1734 338 1775 yz'tium
367 1729 380 1745 ‘¹
403 1733 578 1768 scandalo
601 1760 630 1776 „,
656 1736 675 1769 e
706 1735 1001 1779 un'espressione
1032 1735 1130 1770 assai
1155 1735 1219 1779 piu
1246 1735 1394 1770 vibrata
1420 1735 1486 1770 che
1511 1735 1539 1769 il
1565 1747 1692 1770 rumor

213 1790 274 1825 del
300 1803 332 1825 V.
359 1792 437 1826 640.
469 1809 508 1814 —-
591 1791 677 1826 613.
698 1798 879 1836 postremo
909 1790 922 1805 “
945 1793 1019 1827 alla
1046 1793 1095 1827 fin
1122 1793 1205 1834 fine,
1232 1805 1253 1828 a
1278 1793 1374 1828 farla.
1400 1793 1512 1828 breve
1536 1822 1549 1836 „
1579 1793 1689 1829 corri-

211 1849 351 1892 sponde
379 1861 400 1883 a
425 1861 474 1884 un
501 1850 667 1894 dipresso
694 1853 833 1894 quanto
861 1863 882 1886 a
908 1851 1118 1894 significato
1133 1851 1205 1886 alle
1229 1851 1317 1886 frasi
1335 1853 1421 1896 quid
1438 1854 1552 1886 verbis
1577 1859 1690 1896 opust,

211 1911 250 1940 ut
275 1918 344 1941 uno
369 1909 470 1942 verbo
496 1910 633 1949 dicam
661 1909 725 1943 cfr.
751 1909 830 1944 662.
858 1927 901 1931 -
951 1911 998 1943 ad
1023 1922 1075 1943 me
1100 1909 1157 1944 coi
1183 1910 1300 1951 codd,
1327 1922 1394 1945 con
1419 1910 1497 1945 iato
1514 1910 1616 1945 nella
1634 1921 1690 1945 ce-

212 1976 308 1999 sura.
334 1985 379 1989 —
429 1965 515 1999 614.
546 1969 793 2009 castigatiorem
820 1982 864 1995 =
889 1969 950 2011 qui
974 1979 1092 2011 nuper
1116 1980 1168 2001 me
1195 1970 1390 2011 eastiyavit,
1418 1968 1497 2002 cioe
1522 1968 1690 2013 Megaro-

211 2022 309 2064 nide,
336 2023 400 2058 cfr.
427 2035 459 2058 v.
488 2024 565 2059 187.
596 2042 632 2047 —
688 2024 773 2058 615.
800 2026 885 2066 illic,
911 2026 1014 2059 illaec
1037 2023 1116 2067 (cfr.
1135 2025 1236 2059 Trin.
1255 2026 1301 2066 6),
1319 2027 1400 2060 illoc
1418 2037 1437 2060 e
1455 2028 1548 2069 istic,
1570 2029 1688 2068 istaec,

210 2083 298 2115 istoc
322 2092 435 2116 erano
474 2082 591 2117 forme
629 2082 884 2127 pronominali
923 2083 1020 2118 assai
1059 2084 1207 2118 comuni
1232 2084 1293 2118 nel
1320 2083 1438 2119 latino
1464 2084 1644 2128 popolare
1670 2095 1689 2120 e

212 2139 359 2174 coniate
386 2139 710 2184 analogicamente
737 2152 778 2175 su
805 2142 871 2181 hic,
897 2142 991 2181 haec,
1017 2142 1089 2175 hoc.
1116 2161 1161 2166 —
1186 2143 1317 2176 subolet
1343 2143 1431 2176 mihi
1471 2140 1484 2154 ¹
1507 2141 1689 2178 comincio

212 2198 472 2233 asubodorare
495 2226 522 2241 „,
549 2199 612 2233 cfr.
640 2211 672 2233 v.
699 2199 778 2233 693.
805 2219 849 2224 —
888 2198 973 2234 617.
992 2211 1104 2242 quom,
1124 2199 1286 2235 sebbene
1305 2200 1507 2244 adoperato
1524 2199 1564 2234 in
1582 2211 1688 2236 senso

211 2255 370 2298 causale,
401 2268 472 2301 pur
511 2257 542 2291 si
584 2257 786 2292 costruisce
819 2257 866 2291 da
899 2257 1034 2292 Plauto
1069 2257 1373 2300 coll'indicativo,
1408 2258 1567 2294 secondo
1595 2258 1689 2294 l'uso

210 2315 362 2358 proprio
388 2315 448 2350 del
474 2316 593 2351 latino
621 2316 777 2351 arcaico.
809 2333 846 2338 —
901 2315 986 2350 619.
1013 2318 1081 2359 fui,
1108 2328 1175 2361 per
1200 2316 1359 2358 sinizesi,
1386 2317 1540 2353 diventa,
1564 2328 1692 2353 mono-

211 2372 368 2408 sillabo:
407 2374 470 2408 cfr.
509 2375 647 2410 Introd.
675 2374 780 2418 Capt.
806 2374 880 2409 XL.
908 2392 950 2396 —
977 2374 1015 2409 Si
1041 2375 1122 2410 noti
1160 2386 1264 2410 come
1290 2377 1309 2410 e
1335 2376 1408 2410 ben
1446 2375 1635 2411 delineato
1660 2375 1690 2410 il

211 2433 395 2466 carattere
423 2432 460 2466 di
486 2432 646 2468 Stasimo
661 2444 671 2477 ;
698 2433 774 2476 egli
799 2434 818 2468 e
844 2445 894 2467 un
911 2433 1074 2468 furfante
1092 2433 1159 2468 che
1177 2433 1207 2467 si
1225 2433 1405 2469 dimostra
1421 2434 1690 2477 grandemente

211 2489 347 2524 devoto
374 2501 393 2524 e
420 2492 607 2526 attaccato
646 2492 682 2526 al
721 2503 785 2527 suo
823 2492 1001 2535 padrone,
1027 2503 1089 2526 ma
1115 2492 1181 2526 che
1206 2494 1307 2526 resta
1332 2494 1420 2536 pero
1458 2503 1616 2537 sempre,
1642 2493 1689 2527 ad

211 2549 302 2583 onta
327 2548 365 2582 di
389 2548 466 2583 tale
493 2549 634 2590 affetto,
662 2550 973 2593 profondamente
1001 2549 1148 2594 egoista
1164 2561 1183 2585 e
1202 2550 1336 2585 devoto
1364 2562 1385 2584 a
1410 2561 1448 2586 se
1474 2550 1689 2586 medesimo.

209 2625 256 2633 —
306 2605 403 2641 620.
422 2608 511 2642 cluet
532 2605 545 2620 ⁸
564 2609 627 2643 nel
645 2620 732 2643 vero
753 2620 859 2644 senso
878 2608 979 2644 della.
996 2608 1127 2654 pal-ola
1144 2635 1172 2652 „,
1192 2609 1255 2644 cfr.
1275 2621 1309 2643 n.
1327 2609 1408 2644 496.
1432 2626 1468 2632 —
1510 2608 1597 2644 621.
1614 2611 1691 2645 sine

783 2709 802 2729 ,ἢ
1418 2706 1474 2740 *⁷3
