1818 2973
284 40 342 48 ,Ἢ
389 46 394 50 .
495 43 505 49 ⁷.
698 39 699 42 ,
1089 37 1102 50 .
1202 7 1209 10 ’
1355 53 1371 57 ,
1490 25 1508 48 a
1635 16 1639 18 ⁷

228 114 275 150 60
819 122 858 148 M.
882 120 965 146 Acci
988 120 1120 146 ΡιΑυτι

335 191 422 245 Nisi
451 205 496 244 tu
524 198 762 244 immortale
790 199 889 242 rere
916 212 1008 242 esse
1036 196 1259 252 argentfim
1288 199 1375 240 tihi.

231 282 307 320 ΡΗ.
335 282 438 321 Sero
466 277 594 329 atque
621 278 760 324 stulte,
790 271 906 327 prius
934 276 1041 326 quod
1071 277 1243 316 cautum
1271 273 1467 326 oportuit,

336 352 559 404 Postquam
588 352 768 393 comedit
794 348 899 400 rem,
929 352 1020 401 post
1047 345 1254 390 rationem
1282 351 1415 400 putat.

232 428 306 467 LE,
332 424 606 477 Nequaquam
635 424 798 475 argenti
829 422 936 465 Υέιῐίο
965 420 1179 474 comperet
1206 424 1359 462 tamen.

231 503 299 542 ST.
327 498 449 541 Ratio
476 500 643 550 quidem
659 499 806 539 hercle
830 482 1025 550 app-{iren
1054 499 1276 549 argentum
1305 495 1476 547 οἴχεται.

338 573 471 615 Μίηὲε
499 575 777 625 quadraginta
807 573 1005 624 &coepisti
1032 586 1056 614 a
1086 572 1256 615 Callicle
1626 576 1704 613 420

336 652 387 690 Et
416 650 486 690 ille
514 649 629 689 aedis
659 649 881 700 mancupio
908 648 980 690 e’ibs
1008 652 1050 690 te
1078 649 1270 700 accepit?
1323 652 1397 690 LE,
1428 632 1672 689 Admodum.

232 727 307 764 PH.
337 725 407 764 Pol
437 719 560 774 opino
588 723 738 764 adfinis
768 723 908 765 noster
936 724 1050 765 aedis
1071 721 1270 764 uendidit.
1575 704 1581 707 ³

1642 753 1675 778 20

234 849 267 881 si
290 858 412 881 sumas
441 843 454 858 ⁸
473 857 511 881 se
536 848 577 881 tu
603 858 678 882 non
703 846 755 881 fai
781 846 848 881 che
875 846 1057 890 spendere
1075 873 1103 889 „.
1130 864 1173 869 —
1262 845 1348 881 416.
1373 859 1452 882 sero
1478 852 1580 890 atque
1603 847 1707 881 stulte

234 905 265 939 si
291 904 457 940 riferisce
491 916 513 939 a.
542 910 657 948 putat.
689 925 729 930 —
765 907 865 949 quod,
895 905 919 938 i.
950 916 980 939 e.
1012 906 1186 938 rationem
1217 910 1355 948 putare.
1386 922 1422 927 —
1518 903 1605 938 417.
1624 909 1708 949 post

232 962 387 1008 ripiglia
411 973 479 997 con
505 963 605 997 foi-za
631 963 658 996 il
685 965 856 1011 concetto
883 973 1050 1006 espresso
1067 962 1421 1006 precedentemente
1440 973 1508 997 con
1519 968 1708 1006 postquam

234 1033 309 1056 rem
335 1023 490 1056 comedit.
517 1020 628 1056 Come
654 1025 797 1066 esempi
815 1021 852 1056 di
878 1021 993 1056 simili
1010 1020 1222 1064 ripetizioni
1250 1020 1314 1055 cfr.
1339 1022 1444 1054 ibi—
1460 1022 1520 1054 ubi
1545 1020 1648 1056 Cure.
1677 1020 1707 1061 1,

235 1079 268 1122 2,
295 1080 327 1121 7,
349 1082 567 1124 priusquam
586 1083 746 1123 —prius
770 1080 882 1115 Poen.
911 1081 943 1121 1,
976 1079 1009 1121 2,
1037 1079 1115 1114 108.
1144 1099 1184 1105 -—
1221 1081 1396 1114 rationem
1421 1084 1528 1123 putat
1564 1076 1669 1113 “tira
1698 1079 1710 1112 i

235 1137 337 1173 conti
356 1164 384 1181 ,,.
410 1137 557 1172 Filtone
577 1138 651 1178 ‚che
678 1138 809 1173 assiste
836 1150 858 1173 a
883 1140 1016 1182 questa
1041 1149 1162 1179 scena,
1189 1148 1298 1172 senza
1324 1148 1422 1172 esser
1447 1137 1584 1172 veduto
1609 1136 1710 1181 dagli

235 1196 324 1232 altri
361 1198 443 1239 due,
482 1200 694 1233 commenta
729 1197 769 1231 in
806 1199 938 1241 questo
981 1197 1090 1231 modo
1127 1198 1186 1231 tra
1223 1198 1261 1231 se
1298 1196 1334 1231 le
1371 1195 1450 1231 loro
1487 1195 1627 1240 parole.
1663 1216 1708 1220 —

235 1254 365 1289 418-9.
392 1262 570 1299 comparet
598 1254 610 1268 ⁸
629 1267 704 1290 non
727 1257 848 1298 torna,
874 1267 947 1290 non
973 1254 1166 1298 apparisce
1185 1266 1298 1289 ancor
1315 1254 1439 1289 chiaro
1457 1253 1607 1288 innanzi
1634 1253 1710 1288 alla

235 1314 312 1348 mia
337 1317 461 1349 mente
480 1341 508 1356 ,.
537 1332 578 1336 —
605 1319 755 1358 apparet
780 1314 953 1358 risponde
979 1313 1151 1353 Stasim0‚
1177 1313 1414 1356 adoperando
1440 1314 1571 1356 questo
1596 1313 1710 1348 verbo

235 1371 275 1407 in
300 1383 406 1407 senso
433 1372 612 1417 alquanto
638 1372 783 1407 diverso
818 1372 865 1406 da
897 1377 1085 1415 comparet.
1119 1370 1204 1414 Egli
1236 1371 1387 1405 intende
1413 1370 1516 1405 dire:
1548 1370 1577 1404 il
1602 1372 1710 1406 conto

235 1430 269 1465 ci
294 1432 325 1471 e,
352 1433 410 1465 sta
435 1431 472 1465 la
496 1430 646 1464 innanzi
673 1430 749 1474 agli
776 1430 880 1464 occhi
905 1429 1008 1470 tuoi3
1035 1429 1091 1464 cio
1118 1429 1184 1464 che
1209 1440 1285 1463 non
1308 1428 1344 1462 vi
1370 1430 1389 1463 e
1415 1428 1478 1472 pisi
1504 1426 1666 1470 (οἴχεται)
1691 1429 1711 1463 e

235 1488 263 1523 il
289 1489 440 1523 danaro.
470 1506 506 1510 ——
536 1487 682 1529 οἴχεται.
711 1487 850 1529 Questa
875 1488 1005 1530 parola
1028 1498 1139 1531 greca
1165 1487 1212 1521 da
1237 1486 1532 1531 all‘espressione
1550 1497 1599 1520 un
1617 1485 1710 1522 colo-

235 1547 308 1582 rito
334 1547 488 1589 comico,
515 1547 582 1581 che
608 1558 657 1581 un
684 1546 908 1589 Napolitano
935 1545 1164 1580 renderebbe
1190 1545 1491 1589 probabilmente
1508 1555 1574 1587 per
1589 1555 1710 1580 mezzo

236 1606 323 1640 d'un
348 1608 467 1649 gesto.
494 1616 513 1640 e
538 1604 562 1639 l'
578 1605 735 1640 itaiiano
761 1605 942 1649 potrebbe
975 1605 1146 1639 tradurre
1172 1603 1460 1638 frammettendo
1486 1602 1521 1637 al
1548 1602 1710 1637 discorso

235 1664 531 1709 un'espressione
556 1664 726 1698 francese
753 1674 773 1698 ο
798 1663 953 1706 inglese,
973 1663 1038 1697 che
1057 1662 1312 1706 riproducesse
1330 1661 1357 1695 il
1376 1671 1483 1696 senso
1510 1660 1548 1694 di
1565 1660 1712 1700 οἴχεται,

237 1734 340 1758 come
366 1723 414 1757 ad
440 1733 488 1757 es.
515 1728 564 1756 est
588 1723 715 1765 perdu,
739 1723 772 1755 is
796 1733 908 1764 away.
943 1720 1025 1755 Una.
1059 1720 1204 1755 curiosa
1238 1719 1491 1763 applicazione
1518 1717 1556 1752 di
1581 1719 1712 1761 questo

238 1792 354 1823 verso,
380 1781 417 1815 la
442 1780 553 1825 quale
581 1791 684 1815 serve
712 1791 733 1814 a
757 1779 978 1815 dimostrare
1004 1789 1107 1813 come
1141 1777 1238 1813 fosse
1271 1776 1450 1821 popolare
1478 1776 1519 1810 in
1543 1775 1662 1810 Roma
1686 1775 1713 1809 il

238 1839 466 1878 Trinummo,
493 1839 524 1874 si
550 1841 658 1873 trova
682 1838 779 1873 satta
803 1838 851 1872 da
876 1837 1052 1872 Cicerone
1078 1836 1179 1871 nella
1204 1846 1272 1870 sua
1297 1834 1467 1870 orazione
1493 1834 1533 1868 in
1558 1833 1630 1868 Pis.
1657 1834 1713 1874 25,

239 1898 281 1932 61
301 1910 308 1932 z
333 1899 385 1931 ita
410 1900 503 1931 enim
528 1902 611 1930 sunt
630 1899 856 1940 perscriptae
880 1892 1072 1938 (rationes)
1097 1897 1180 1929 scite
1205 1899 1236 1928 et
1261 1895 1425 1934 litterate,
1451 1898 1490 1926 ut
1512 1893 1641 1932 scriba,
1667 1893 1714 1925 ad

240 1958 425 1990 aerarium
450 1957 510 1999 qui
535 1967 594 1989 eas
621 1956 766 1996 rettulit,
793 1956 1008 1998 perscriptis
1040 1954 1241 1987 rationibus
1273 1963 1388 1985 secum
1419 1953 1504 1994 ipse,
1535 1955 1641 1993 caput
1668 1951 1713 1983 si-

240 2016 358 2048 nistra
383 2026 491 2047 manu
510 2015 732 2056 perfricans,
757 2016 1082 2046 commurmuratus
1107 2013 1154 2045 sit
1183 2008 1195 2022 ⁸
1215 2011 1333 2044 ratio
1359 2010 1542 2052 quidem
1567 2008 1716 2042 her-cle

240 2074 457 2116 adparet,
494 2076 743 2114 arqentum
768 2068 950 2111 oixemt„
980 2069 1043 2103 cfr.
1078 2068 1195 2103 anche
1229 2068 1275 2101 ad
1308 2067 1385 2101 Att.
1420 2067 1452 2107 6,
1487 2066 1516 2107 1,
1554 2066 1569 2100 1
1611 2063 1715 2101 “11011

239 2129 375 2171 οἴχεται
411 2130 478 2163 tua
514 2128 719 2169 industria,
758 2127 857 2171 quod
896 2126 1054 2168 vereris,
1092 2126 1157 2160 sed
1195 2125 1386 2169 praeclare
1423 2124 1574 2168 ponitur
1598 2150 1630 2166 ,.
1669 2143 1715 2147 —

241 2186 327 2222 421.
354 2189 543 2231 mancupio
567 2185 626 2229 (=
640 2185 842 2230 mancipio)
866 2187 1025 2229 accipere
1054 2182 1066 2197 “
1085 2184 1249 2219 ricevere
1275 2183 1313 2217 in
1339 2194 1506 2227 possesso
1533 2193 1608 2217 una
1635 2192 1716 2226 pro-

240 2245 364 2289 priete,
388 2245 502 2280 altrui
521 2258 556 2287 „;
584 2245 647 2279 cfr.
675 2245 777 2279 Curc.
803 2244 872 2278 494
897 2254 1000 2286 cyane
1026 2244 1068 2277 ab
1093 2243 1214 2276 lenone
1237 2244 1423 2286 quicquam
1443 2241 1635 2284 Mancupia
1660 2251 1717 2274 ac-

241 2305 384 2346 cipiam,
422 2305 547 2348 quibus
579 2305 637 2337 sui
669 2304 721 2336 nil
755 2307 804 2336 est
840 2304 913 2336 nisi
947 2313 1020 2335 una
1052 2302 1202 2344 linqua?
1230 2320 1274 2324 —
1307 2301 1495 2334 admodum
1534 2295 1716 2342 “proprio

242 2363 318 2396 cosi
335 2388 364 2403 „.
391 2378 433 2383 —-
530 2360 626 2395 422.
654 2362 757 2404 opino
785 2361 804 2395 e
830 2362 928 2394 sbato
954 2358 1143 2394 sostituito
1161 2368 1228 2402 per
1245 2356 1388 2401 ragioni
1415 2355 1597 2391 metriche
1614 2354 1717 2400 dagli

243 2419 380 2453 editori
405 2419 601 2463 all'opinor
625 2419 691 2454 che
718 2419 842 2453 hanno
867 2417 880 2452 i
906 2417 1035 2458 codici,
1068 2418 1189 2451 tanto
1207 2416 1247 2450 in
1280 2415 1410 2458 questo
1440 2414 1551 2457 luogo
1577 2414 1717 2457 quanto

242 2477 283 2511 in
307 2476 415 2520 Epid.
449 2477 480 2519 2,
515 2477 547 2518 2,
582 2478 637 2517 74,
672 2477 802 2511 Pseud.
837 2477 867 2517 1,
903 2476 934 2517 1,
963 2476 1019 2515 85,
1054 2474 1154 2509 Pers.
1188 2474 1219 2515 3,
1257 2475 1286 2514 1,
1323 2473 1376 2514 15,
1407 2472 1519 2507 Poen.
1544 2473 1577 2514 5,
1603 2471 1635 2512 3,
1660 2471 1717 2512 50,

244 2535 325 2570 Cas.
352 2535 384 2578 3,
411 2535 442 2576 2,
471 2536 524 2574 11,
551 2535 643 2569 Ριωί.
668 2536 702 2576 4,
728 2535 759 2575 3,
787 2534 842 2569 60.
869 2534 1000 2574 Nonio,
1026 2545 1060 2577 p.
1087 2533 1167 2571 474,
1201 2531 1347 2566 ricorda
1382 2531 1420 2565 ia
1456 2530 1576 2564 forma
1611 2531 1717 2572 opino

245 2593 362 2630 anche
387 2604 454 2639 per
479 2605 529 2629 un
556 2594 778 2628 frammento
797 2592 894 2628 delle
920 2590 1097 2628 Bacchidi
1117 2601 1135 2625 e
1160 2601 1227 2635 per
1251 2588 1373 2624 alcuni
1401 2587 1498 2624 versi
1523 2587 1561 2621 di
1587 2585 1719 2628 Ennio,
