1818 2973
241 101 305 138 106
826 112 865 139 Μ.
889 114 972 140 Ασσι
994 111 1128 140 PLAn'rt

343 195 421 236 Sed
451 190 541 246 quis
570 195 640 236 hic
667 198 731 237 est
758 195 828 246 qui
858 196 899 235 in
928 196 1112 246 plateam
1139 192 1376 248 ingreditur
1598 197 1706 238 84οα

341 271 444 310 Cum
473 269 580 311 novo
607 273 759 310 ornatu
787 268 1010 321 specieque
1037 271 1193 311 simul?
1601 275 1705 313 840b

341 347 414 385 Pol
443 344 694 396 quamquam
725 345 834 386 dorni
864 346 986 397 cupio
1014 344 1231 397 opperiar:

340 423 470 468 Quam
495 421 503 473 Ι
528 416 597 461 hic
625 432 713 462 rem
739 421 747 473 Ι
769 424 879 473 agat,
908 422 1094 462 animum
1124 421 1358 462 aduortam.

654 575 963 615 SVCOPHANTA.
1010 575 1284 615 CHARMmEs,

234 695 306 734 Sv.
335 686 442 732 Huic
468 703 546 744 ego
574 694 641 733 die
668 692 819 734 nomen
848 695 1092 734 Trinummo
1130 693 1256 735 facio:
1301 705 1396 734 nam
1426 705 1504 746 ego
1532 692 1704 747 operam

1568 783 1701 813 meam

234 912 428 952 aerumnis,
445 910 571 954 quibus
588 912 770 953 deluctavi,
789 912 873 944 dum
891 912 959 946 etc.
969 921 980 955 3
999 911 1061 946 cfr.
1081 922 1147 955 per
1163 911 1192 945 il
1218 913 1397 947 costrutto
1415 909 1517 947 Pers,
1531 913 1549 947 1
1569 912 1614 948 82
1630 915 1707 948 eius

234 971 349 1010 auris,
383 980 471 1012 quae
505 971 675 1003 mandata
700 974 793 1011 sunt,
819 970 981 1011 onerabo,
1009 969 1084 1004 scil.
1121 971 1181 1004 eis.
1217 969 1323 1004 L'uso
1349 970 1410 1005 del
1436 970 1548 1005 verbo
1572 972 1706 1006 luctare

235 1038 338 1062 come
364 1027 476 1062 verbo
503 1027 621 1063 attivo
648 1029 666 1062 e
693 1029 874 1062 attestato
901 1027 948 1062 da
972 1027 1092 1063 Nonio
1110 1027 1190 1069 468,
1208 1028 1265 1068 29,
1290 1028 1319 1062 il
1344 1028 1454 1072 quale
1479 1028 1515 1064 lo
1540 1028 1707 1065 riferisce

234 1085 282 1119 da
306 1096 356 1119 un
383 1096 487 1120 verso
507 1085 607 1120 della
624 1085 841 1120 Vidularia:
866 1087 953 1128 quid
970 1086 1081 1119 multa
1098 1087 1232 1120 verba?
1249 1087 1461 1129 plurumum
1487 1087 1707 1122 luctavimus.

233 1162 279 1167 -—
351 1142 448 1177 840.
474 1143 505 1177 Il
530 1143 675 1178 cantico
702 1143 841 1185 finisce,
868 1154 1015 1187 appena
1053 1144 1119 1178 che
1154 1143 1393 1179 l'attenzione
1419 1144 1456 1178 di
1483 1144 1653 1180 Carmide
1686 1146 1706 1180 e

234 1201 458 1236 richiamata
483 1202 580 1237 sulla
605 1213 764 1246 persona
791 1201 851 1236 del
880 1202 1072 1244 sicofante,
1110 1201 1138 1236 il
1167 1202 1276 1246 quale
1312 1202 1342 1237 si
1377 1203 1517 1246 aggim,
1547 1204 1705 1239 secondo

232 1260 416 1296 l'accordo
441 1272 550 1304 preso
577 1272 645 1296 con
670 1260 923 1304 Megaronide,
949 1261 1098 1295 innanzi
1125 1260 1200 1296 alla
1225 1273 1311 1296 casa
1335 1261 1372 1296 di
1398 1261 1600 1297 Lesbonico
1629 1273 1648 1297 e
1675 1262 1706 1297 si

234 1319 382 1363 spaccia
406 1319 496 1363 qual
521 1330 641 1354 messo
668 1330 687 1354 a
714 1319 767 1353 lui
791 1319 935 1354 inviato
962 1319 1024 1353 dal
1049 1320 1163 1363 padre
1195 1320 1359 1355 lontano.
1385 1320 1437 1354 La
1461 1332 1631 1364 sorpresa
1669 1320 1706 1354 di

235 1374 402 1417 Callicle,
428 1385 532 1410 come
556 1375 620 1409 nel
644 1375 758 1409 Persa
782 1375 814 1416 2,
843 1376 873 1415 1,
900 1376 919 1410 e
946 1375 1061 1410 anche
1088 1375 1153 1419 qui
1179 1386 1347 1418 espressa
1364 1386 1431 1419 per
1455 1387 1575 1411 mezzo
1601 1376 1639 1410 di
1656 1387 1707 1410 un

233 1432 346 1468 breve
371 1433 526 1468 sistema
551 1433 589 1467 di
615 1432 767 1467 dimetri
804 1432 1022 1477 anapestici.
1049 1450 1092 1455 -—
1124 1434 1231 1467 simul
1268 1433 1489 1477 appartiene
1519 1433 1566 1468 ad
1590 1435 1708 1477 ἐπῃνε-

233 1493 354 1526 ditur:
378 1492 485 1526 tanto
511 1491 610 1526 l'uno
637 1493 777 1534 quanto
803 1490 925 1526 l'altro
953 1501 1042 1525 eran
1066 1490 1195 1526 venuti
1220 1491 1282 1526 nel
1306 1493 1433 1536 tempo
1458 1493 1574 1527 stesso
1607 1492 1708 1526 nella

234 1549 372 1592 strada,
398 1549 491 1584 dove
518 1548 548 1583 si
574 1551 731 1584 trovava
756 1549 909 1583 l'antica
937 1560 1022 1583 casa
1047 1548 1085 1582 di
1111 1548 1293 1584 Carmide.
1320 1549 1453 1584 Alcuni
1484 1551 1573 1593 pero
1599 1549 1707 1584 colle·

234 1619 330 1651 gano
356 1607 396 1642 in
421 1607 719 1651 un'espressione
753 1607 832 1642 sola
864 1609 972 1641 simul
997 1618 1016 1641 e
1042 1619 1120 1641 cum
1146 1619 1164 1642 e
1191 1607 1225 1642 le
1252 1607 1520 1643 attribuiscono
1546 1607 1575 1642 il
1599 1618 1706 1642 senso

234 1666 270 1700 di
286 1677 336 1700 un
354 1665 531 1710 sempliee
550 1678 637 1700 cum.
656 1683 692 1688 —
746 1664 833 1698 841.
854 1667 949 1699 domi
966 1666 1078 1708 capio,
1097 1667 1181 1700 sott.
1200 1676 1281 1699 esse.
1299 1665 1433 1699 Alcuni
1448 1665 1707 1709 interpretano

234 1726 330 1758 domi
354 1736 458 1760 come
484 1736 533 1759 un
557 1723 727 1768 genitivo
753 1724 980 1768 dipendente
1007 1724 1053 1758 da
1078 1726 1191 1766 cupio,
1217 1734 1236 1758 e
1255 1723 1484 1757 richiamano
1509 1723 1547 1757 la
1572 1724 1710 1757 costru-

234 1783 339 1818 zione
365 1783 426 1818 del
450 1794 504 1826 gr.
531 1781 729 1823 ἑπιθυμέωε
756 1793 778 1816 a
802 1781 865 1817 noi
902 1781 1032 1816 invece
1059 1793 1140 1816 esso
1166 1781 1314 1816 sembra
1350 1781 1389 1815 in
1426 1781 1535 1816 modo
1561 1780 1710 1815 eviden-

234 1841 380 1876 tissimo
406 1853 455 1876 un
481 1840 654 1882 locativo,
681 1840 716 1875 al
742 1840 826 1885 pari
864 1840 901 1874 di
927 1839 1141 1884 quell'altro
1179 1841 1274 1873 domi
1311 1839 1378 1874 che
1403 1840 1423 1874 e
1449 1839 1488 1873 in
1512 1838 1590 1873 Mil.
1616 1838 1709 1874 801:

235 1901 311 1934 eius
336 1901 430 1934 domi
455 1902 569 1943 cupiet
594 1901 712 1933 miser.
740 1916 783 1921 ——
845 1897 941 1933 842.
968 1903 1060 1942 ayat.
1087 1898 1117 1931 Il
1142 1897 1386 1941 palimpsesto
1412 1899 1588 1941 presenta
1612 1897 1708 1942 dopo

235 1960 367 2001 questo
393 1958 505 1992 verbo
520 1969 656 1992 ancora
677 1959 780 2001 9erit,
795 1957 862 1991 che
888 1956 1061 1991 abbiamo
1089 1967 1232 1990 omesso
1251 1955 1386 1991 sull’es.
1405 1955 1465 1990 del
1491 1955 1646 1990 Ritschl.
1664 1972 1709 1978 —

235 2015 333 2051 843.
357 2016 409 2050 La
434 2027 545 2050 scena
570 2016 636 2050 che
663 2027 729 2050 ora
752 2015 988 2055 incomincia,
1013 2016 1121 2048 tanto
1147 2025 1214 2057 per
1238 2016 1290 2048 vis
1316 2005 1447 2048 comica'
1479 2015 1618 2057 quanto
1644 2024 1710 2058 per

239 2074 402 2109 vivacita
425 2074 464 2108 di
489 2074 650 2117 dialogo,
677 2074 696 2108 e
722 2073 759 2107 la
776 2075 883 2117 parte
901 2072 1072 2116 migliore
1089 2072 1126 2105 di
1145 2073 1246 2106 tutta
1271 2074 1405 2115 questa
1430 2071 1648 2107 commedia.
1664 2089 1709 2094 —

237 2135 294 2168 die
324 2134 383 2168 sta
408 2144 474 2176 per
499 2134 571 2166 diei
585 2130 663 2174 (cfr.
689 2144 724 2166 n.
752 2129 832 2173 117)
850 2131 895 2166 ed
921 2132 940 2165 e
966 2131 1061 2165 fatto
1087 2130 1336 2165 monosillabo
1362 2141 1428 2174 per
1453 2129 1620 2171 sinizesi;
1647 2130 1711 2165 cfr.

237 2191 375 2226 Introd.
403 2190 506 2235 Capt.
544 2190 617 2224 XL.
644 2208 687 2212 —
713 2192 819 2233 facio,
845 2189 902 2224 col
927 2189 1172 2233 palimpsesto
1210 2188 1457 2230 ambrosiano,
1486 2200 1554 2232 per
1576 2189 1712 2231 faciam

238 2250 298 2284 dei
324 2250 402 2285 cod.
428 2249 599 2293 palatini.
625 2263 670 2268 —
694 2260 860 2282 nummus
885 2249 904 2282 e
930 2247 994 2291 qui
1021 2248 1224 2291 adoperato
1257 2248 1374 2282 molto
1411 2246 1711 2290 probabilmente

237 2308 299 2343 nel
324 2319 430 2342 senso
456 2307 543 2342 dell'
564 2305 577 2319 “
593 2307 702 2342 obolo
722 2335 735 2350 „
764 2317 886 2351 greco,
906 2317 924 2341 e
947 2308 1176 2340 Trimcmmus
1193 2306 1256 2339 nel
1274 2316 1380 2340 senso
1406 2304 1444 2339 di
1473 2302 1486 2316 ¹‘
1503 2304 1664 2340 triobolo
1682 2330 1712 2348 „-

238 2366 337 2401 Altri
362 2366 604 2401 considerano
621 2366 751 2400 invece
767 2365 794 2399 il
808 2376 973 2399 nummus
991 2375 1094 2399 come
1109 2363 1347 2407 equivalente
1365 2374 1387 2397 a
1400 2375 1450 2397 un
1467 2364 1711 2404 didrachmon,

238 2436 257 2460 e
284 2427 509 2468 computano
535 2424 548 2459 i
572 2427 629 2460 tre
655 2423 800 2458 nummi
826 2435 847 2458 a
873 2423 927 2458 sei
952 2423 1130 2457 dramme.
1148 2422 1210 2456 Ma
1235 2433 1309 2457 non
1335 2421 1365 2456 si
1391 2432 1610 2466 avveggono
1643 2421 1710 2455 che

237 2483 275 2518 la
299 2483 420 2519 forma
444 2482 538 2527 sing.
569 2484 800 2517 Trinummus
824 2482 855 2516 si
880 2481 1023 2526 riporta
1048 2480 1085 2515 di
1110 2481 1421 2515 necessitaauna
1445 2481 1596 2515 moneta
1620 2477 1712 2521 sola,

237 2543 275 2578 la
300 2541 409 2586 quale
435 2541 578 2575 doveva
604 2552 726 2576 essere
763 2540 801 2575 di
838 2551 930 2584 poco
968 2539 1106 2581 valore,
1132 2549 1236 2574 come
1273 2538 1408 2573 risulta
1432 2539 1494 2573 dal
1519 2537 1712 2573 confronto

237 2611 306 2636 eon
332 2600 440 2635 Most.
467 2599 533 2634 357
560 2600 620 2633 ubi
643 2605 726 2634 sunt
750 2602 812 2634 isti
836 2600 896 2643 qui
921 2599 1075 2632 hosticas
1099 2598 1210 2631 trium
1235 2608 1418 2631 nummum
1442 2607 1551 2631 causa
1566 2595 1714 2630 subeunt
