1818 2973
0 0 45 125 ι-εξ

449 93 668 144 mamm
690 116 741 148 m,
763 105 796 146 3,
818 103 974 146 85-9o;
997 113 1044 145 w,
1070 101 1101 145 1,
1125 103 1212 139 1-7
1513 101 1578 137 103

217 200 325 248 Quos
351 195 479 250 penes
499 198 579 239 mei
599 194 782 250 potestas
799 180 890 245 snit,
907 196 1024 236 honis
1043 190 1121 235 mis
1148 194 1245 245 quid
1265 194 1374 234 foret
1398 196 1440 234 et
1459 191 1578 234 meae

1450 269 1578 317 uitae,

217 352 348 398 Quom
361 345 446 389 suis
462 349 555 390 med
569 360 624 390 ex
640 346 740 389 locis
759 343 802 386 in
820 347 999 398 patriam
1014 346 1160 386 urbem
1176 355 1308 395 usque
1327 339 1579 385 incolumem
1603 338 1606 341 ’

1178 417 1377 461 reducem
1408 419 1580 459 faciunt.

219 502 355 551 Atque
382 497 470 551 ego,
490 500 695 549 Neptune,
715 497 789 537 tibi
808 495 906 537 {inte
925 497 1028 536 alios
1048 496 1146 536 deos
1164 494 1323 547 gretias
1351 506 1429 545 ago
1453 488 1580 544 &tque

1127 569 1261 610 habeo
1288 580 1483 617 summas,
1539 597 1555 620 ⁵

221 651 327 689 Nam
355 651 398 689 te
424 646 567 688 omnes
594 644 846 697 saeuomque
873 657 1166 696 seuerumque,
1187 649 1312 696 atque
1339 644 1475 685 {luidis
1502 655 1582 684 mo·

963 722 1080 761 ribus
1108 720 1448 768 commemorant,
1505 720 1583 759 825

221 793 510 850 Spumificum,
539 798 776 846 immanem,
819 795 1139 845 intolerandum,
1182 795 1406 837 uesz'anum:
1434 799 1582 836 contra

1214 876 1343 922 opera
1368 869 1583 921 expertus,

117 1024 247 1059 all'uso
273 1023 333 1059 del
357 1023 475 1059 latino
501 1023 657 1059 arcaieo.
683 1023 721 1058 Si
745 1023 827 1058 noti
842 1022 882 1057 in
900 1024 1029 1067 questo
1056 1034 1160 1058 verso
1185 1021 1460 1057 l'aceumularsi
1485 1020 1584 1056 delle

118 1082 341 1126 espressioni
365 1082 480 1118 simili
505 1094 524 1117 e
551 1082 648 1117 delle
686 1082 962 1123 allitterazioni,
997 1082 1030 1116 16
1069 1082 1172 1126 quali
1197 1093 1265 1125 par
1291 1082 1357 1116 che
1383 1080 1583 1124 sgorghino

116 1143 321 1184 spontanee
347 1141 395 1174 da.
419 1140 505 1183 quel
530 1140 755 1175 sentimento
774 1140 810 1174 di
824 1140 1067 1183 grabitudine,
1084 1140 1151 1174 ohe
1177 1139 1213 1174 fa
1238 1139 1352 1183 piena
1367 1138 1584 1174 nell'animo

115 1198 154 1232 di
179 1197 349 1232 Carmide
375 1209 395 1232 e
420 1208 495 1232 non
520 1209 560 1233 sa
585 1200 734 1232 trovare
770 1198 898 1242 parole
936 1197 1120 1232 bastevoli
1156 1209 1223 1241 per
1248 1196 1513 1232 manifestarsi.
1538 1213 1584 1220 -

113 1258 230 1299 gyratis
252 1258 458 1299 qratiasque
483 1266 548 1290 son
574 1256 644 1290 due
674 1255 802 1299 parole
839 1255 906 1290 che
943 1255 974 1289 si
1007 1257 1162 1290 trovano
1188 1255 1345 1290 insieme
1383 1254 1584 1298 congiunte

115 1313 232 1348 anche
257 1314 296 1348 in
323 1313 433 1348 Poen.
454 1314 483 1355 1,
505 1314 534 1355 1,
561 1314 581 1348 6
607 1315 731 1357 quibus
751 1325 821 1357 pro
847 1315 1036 1355 benefactis
1059 1314 1178 1356 fateor
1193 1314 1311 1347 deberi
1335 1314 1400 1347 tibi
1424 1318 1455 1346 et
1480 1314 1585 1347 liber-

115 1376 221 1405 tatem
246 1377 276 1405 et
300 1373 430 1406 multas
452 1377 573 1414 yrates
594 1374 746 1415 qratias.
772 1389 816 1394 —
839 1374 981 1415 yratias
1006 1372 1025 1406 6
1051 1371 1181 1415 parola
1205 1371 1382 1406 bisillaba
1406 1382 1473 1415 per
1498 1370 1584 1406 sim‘·

116 1428 201 1463 zesi.
240 1449 281 1454 -—
318 1429 350 1463 Il
385 1430 542 1464 secondo
568 1435 598 1464 et
624 1430 830 1473 congiunge
861 1429 1017 1465 insieme
1046 1431 1210 1473 fluctibus
1235 1441 1303 1465 con
1328 1431 1501 1474 Neptuno.
1538 1444 1584 1450 -

117 1485 212 1520 822.
238 1498 333 1530 quos,
348 1488 404 1522 col
430 1487 651 1529 Camerario,
679 1499 745 1531 per
769 1500 871 1531 quom
889 1488 949 1522 dei
975 1488 1078 1522 codd.
1103 1508 1149 1513 —
1174 1499 1258 1532 quos
1271 1500 1389 1532 penes,
1414 1499 1481 1532 per
1499 1499 1584 1522 ana-

116 1544 241 1584 strofe,
268 1545 308 1578 in
333 1545 443 1588 luogo
469 1545 507 1579 di
526 1557 636 1589 penes
660 1557 754 1589 quos,
781 1545 805 1579 i.
835 1557 865 1580 e.
892 1547 1095 1589 Neptunum
1120 1551 1151 1580 et
1173 1548 1311 1589 fluctus.
1331 1562 1375 1567 —-
1411 1548 1479 1581 mei
1501 1547 1584 1589 fuit,

115 1601 390 1636 eoll’Hermann
417 1613 435 1636 e
462 1603 518 1637 col
544 1603 642 1643 Reiz,
667 1615 734 1647 per
759 1604 786 1638 il
812 1604 989 1648 semplice
1016 1617 1067 1639 me
1093 1605 1159 1639 che
1178 1604 1209 1639 si
1226 1605 1335 1649 legge
1360 1605 1422 1640 nei
1454 1604 1584 1640 codici.

114 1676 160 1682 —
184 1661 252 1693 mis
265 1673 310 1686 =
324 1662 416 1702 mus,
431 1663 517 1695 meis
533 1660 647 1701 (mieis
664 1662 922 1705 nell'epibaffio
941 1662 1043 1705 degli
1061 1662 1255 1706 Scipioni):
1282 1664 1345 1697 cfr.
1371 1665 1428 1697 dis
1441 1678 1485 1691 Ξ
1497 1665 1582 1705 deis,

116 1728 135 1751 e
161 1728 228 1761 per
253 1717 290 1752 la
314 1717 544 1753 eostruzione
569 1731 606 1753 n.
635 1719 711 1753 157.
737 1735 781 1739 —
872 1719 969 1753 823.
995 1732 1097 1764 quom
1123 1721 1171 1755 ha
1196 1721 1271 1764 qui,
1298 1722 1345 1755 ad
1370 1733 1420 1756 un
1444 1723 1583 1765 tempo,

114 1775 323 1819 significato
351 1776 555 1820 temporale
583 1788 601 1811 e
628 1778 797 1819 causale;
824 1778 887 1812 cfr.
914 1778 1028 1813 Stich.
1055 1779 1085 1820 3,
1108 1780 1136 1821 1,
1158 1780 1172 1814 1
1201 1791 1303 1823 quom
1327 1780 1409 1813 bene
1433 1791 1473 1813 re
1486 1785 1585 1823 qesta

113 1835 229 1868 salvos
254 1840 440 1868 convortor
464 1836 616 1876 domum,
642 1836 803 1878 Neptuno
826 1839 944 1879 gratis
981 1838 1086 1871 habeo
1123 1843 1154 1871 et
1191 1839 1461 1881 tempestatibus,
1492 1837 1584 1872 Rud.

116 1892 183 1926 906
208 1893 371 1935 Neptuno
395 1893 461 1926 has
486 1904 550 1936 ayo
572 1895 715 1936 qratias
740 1905 812 1928 meo
831 1900 998 1937 patrono,
1026 1907 1127 1938 quom
1153 1907 1205 1929 me
1230 1907 1273 1929 ex
1296 1897 1373 1930 suis
1397 1897 1483 1930 locis
1507 1897 1584 1939 pul-

116 1951 198 1984 chre
223 1955 389 1984 ornatum
414 1952 598 1994 expedivit.
623 1968 669 1972 —
694 1953 775 1992 suis
795 1963 838 1985 ez·
863 1954 958 1995 locis,
985 1953 1047 1987 cfr.
1078 1953 1155 1987 Mil.
1182 1954 1214 1996 5,
1233 1953 1265 1995 2,
1283 1953 1304 1988 3
1330 1965 1417 1997 quae
1434 1952 1584 1996 (Diana)

115 2019 168 2042 me
191 2009 231 2041 in
256 2009 342 2042 locis
366 2009 558 2051 Neptuniis
574 2009 777 2052 templtsque
793 2011 1006 2044 turbulentis
1030 2013 1191 2045 servavit.
1214 2031 1250 2036 -
1273 2013 1393 2046 urbem
1410 2024 1516 2055 usque
1532 2014 1584 2046 in-

115 2065 362 2108 columem,col
388 2066 550 2100 Ritschl:
576 2066 637 2101 nei
664 2067 782 2102 codici
808 2067 839 2102 si
864 2070 972 2102 trova
989 2068 1117 2104 scritto
1136 2069 1459 2114 semplicemente:
1486 2071 1586 2104 urbis

115 2125 227 2157 σίιηιᾶ.
254 2123 559 2158 L'emendazione
586 2126 605 2158 e
631 2125 818 2160 tutt’altro
852 2126 918 2160 che
956 2126 1161 2170 probabile.
1188 2128 1250 2162 Ma
1282 2139 1464 2163 mancano
1490 2128 1586 2163 altre

115 2179 180 2223 pin
206 2179 409 2224 plausibili.
435 2198 477 2203 —
529 2179 624 2215 824.
643 2186 744 2225 atque
774 2179 787 2194 “
810 2183 1089 2226 speeialmente,
1116 2184 1154 2219 in
1180 2185 1334 2229 ispecial
1364 2186 1472 2220 modo
1494 2212 1523 2228 ,,.
1540 2205 1586 2210 —

115 2243 406 2282 ante=praeter
434 2237 447 2251 ⁸
469 2250 491 2273 a
515 2239 730 2283 preferenza
751 2267 778 2282 „,
806 2240 869 2275 cfr.
896 2242 998 2276 Asin.
1025 2242 1092 2277 858
1118 2245 1204 2277 scito
1240 2245 1343 2278 illum
1372 2249 1453 2278 ante
1469 2255 1587 2278 omnes

117 2298 266 2330 minumi
290 2298 475 2331 mortalem
495 2299 603 2340 preti.
629 2317 674 2321 —
735 2297 831 2332 825.
857 2300 973 2333 avidis
997 2302 1173 2335 moribus:
1199 2300 1238 2335 in
1263 2303 1403 2345 quanto
1429 2302 1464 2337 le
1489 2302 1586 2338 onde

118 2352 178 2387 del
202 2365 302 2390 mare
327 2357 564 2399 trasportano
590 2356 652 2390 nei
677 2355 756 2391 loro
783 2357 916 2391 vortici
942 2359 1040 2393 tutto
1066 2359 1190 2402 quello
1210 2359 1277 2394 che
1303 2370 1382 2395 esse
1411 2361 1586 2404 toccan03

117 2411 181 2445 cfr.
207 2411 267 2447 Or.
293 2412 410 2448 Carm.
436 2413 468 2454 3,
495 2414 549 2455 29,
577 2415 618 2448 61
656 2427 805 2448 avarum
842 2427 951 2449 mare.
978 2433 1022 2438 —
1118 2416 1214 2451 826.
1239 2420 1465 2462 spurcificum
1490 2421 1510 2454 e
1536 2431 1586 2454 un

115 2465 209 2501 ἅπαξ
235 2469 438 2513 λεγόμενον,
463 2471 526 2505 cfr.
545 2474 783 2515 spurcidicus.
798 2488 841 2492 —
861 2484 969 2516 opera
998 2471 1011 2485 “
1030 2475 1087 2509 col
1104 2474 1210 2518 fatto,
1229 2476 1325 2511 oolla
1341 2477 1418 2511 mia
1434 2478 1587 2522 propria.

115 2526 329 2568 esperienza
346 2555 374 2570 „.
392 2546 435 2550 —
450 2535 573 2563 contra
593 2529 605 2541 “
628 2530 653 2564 il
674 2531 860 2565 contrario
882 2558 894 2573 ,‚
905 2541 916 2573 ς
942 2531 1006 2566 cfr.
1020 2531 1058 2567 la
1075 2533 1171 2568 frase
1186 2533 1340 2569 classica
1353 2537 1445 2579 quod
1461 2541 1587 2570 contra

110 2583 162 2625 fit.
195 2601 240 2607 -
277 2592 454 2630 escpertus.
481 2587 559 2622 scil.
586 2600 675 2630 sum,
705 2588 717 2601 ²
740 2589 787 2623 ho
813 2591 969 2633 provato
1007 2590 1104 2626 colla
1128 2591 1205 2627 mia
1230 2593 1445 2637 esperienza
1466 2620 1494 2638 ,,
1520 2593 1586 2629 cfr.
