1818 2973
294 0 316 8 μ
430 10 436 14 ι
631 0 700 6 η--

585 44 822 104 v‘rmlwnmvs
845 78 897 109 111,
918 66 951 107 2,
973 66 1085 100 2-18
1537 67 1583 102 85

216 158 290 201 Set
316 160 442 211 sapio,
475 158 576 200 satis
601 154 645 205 in
673 169 763 199 rem
806 169 913 210 quae
953 157 1038 198 sint
1075 153 1212 197 meam
1254 167 1331 208 ego
1373 157 1583 208 conspicio

1373 232 1490 271 mihi.
1521 262 1552 285 ω

111 312 188 352 LV.
216 294 280 350 An
308 309 349 349 id
378 311 442 350 est
468 319 629 360 sapere,
671 309 718 348 ut
757 302 828 359 qui
868 306 1120 348 beneficium
1149 317 1172 347 a
1201 306 1479 348 beneuolente
1516 306 1582 347 re-

569 369 573 373 *
1406 382 1580 432 pudies‘f

110 462 184 500 LE.
212 457 384 500 Nlillum
412 458 663 500 beneficium
690 455 781 498 esse
809 457 916 497 duco
944 457 998 504 id,
1027 454 1150 507 quom
1193 456 1288 508 quoi
1329 456 1458 497 facias
1497 455 1578 496 non

1430 533 1580 582 placet.

215 608 309 651 Scio
335 620 413 661 ego
440 611 484 650 et
511 608 645 648 sentio
684 603 772 659 ipse
814 607 911 658 quid
953 617 1075 658 agam
1115 605 1253 658 neque
1295 619 1413 648 mens
1445 606 1581 660 officio

1413 683 1581 734 migrat,

214 757 302 800 Nec
330 759 412 799 tuis
441 757 627 809 depellar
655 758 775 798 dictis
805 755 905 808 quin
933 758 1094 797 rumori
1122 756 1319 798 sex-uiam.
1502 760 1581 798 640

109 837 185 876 Lv.
213 830 317 883 Quid
346 836 436 875 ais?
465 846 562 875 nam
591 831 766 874 retineri
786 844 949 884 nequeo
978 829 1077 883 quin
1107 833 1242 873 dicam
1271 844 1319 873 ea
1351 845 1458 884 quae
1488 832 1580 884 pro-

1305 904 1463 948 meres:
1521 938 1553 961 ,5

212 972 303 1029 I'tan
333 989 498 1028 tandem
530 988 641 1028 hanc
671 985 850 1028 maiores
879 987 1030 1027 famam
1060 985 1327 1027 triadiderunt
1355 982 1429 1027 tibi
1460 987 1534 1035 tui,

218 1049 269 1103 <ft
297 1064 456 1103 uirtute
485 1074 632 1103 eorum
660 1060 880 1113 enteperta
909 1060 984 1112 per
1013 1062 1218 1113 flagitium
1250 1060 1449 1112 perderes

212 1123 348 1190 Atque
378 1139 524 1178 honori
555 1136 815 1188 posterorum
845 1136 1014 1177 tuorum
1043 1139 1090 1176 ut
1119 1137 1273 1178 vindex
1304 1133 1458 1178 fieres?

107 1277 318 1313 sarcastico.
344 1293 388 1300 ——
415 1288 450 1311 es
476 1277 620 1311 melior:
646 1275 700 1311 sei
717 1275 756 1310 in
773 1275 888 1319 grado
906 1275 944 1310 di
972 1274 1146 1310 intendet
1162 1274 1301 1319 meglio
1320 1275 1357 1310 di
1375 1286 1434 1310 me
1461 1278 1578 1312 stesso

108 1336 196 1380 qual
221 1335 276 1370 sia
292 1335 320 1370 il
338 1334 411 1370 mio
430 1334 643 1378 vantaggio.
665 1355 707 1360 —
758 1333 854 1368 636.
873 1335 1049 1377 conspicio
1071 1330 1083 1345 “
1107 1333 1261 1368 intendo
1284 1361 1312 1376 ,.
1331 1351 1375 1356 —
1426 1333 1524 1368 637.
1542 1340 1581 1369 ut

107 1396 177 1437 qui,
205 1393 267 1428 cfr.
292 1405 328 1427 n.
353 1393 446 1427 464:
472 1393 538 1427 che
564 1392 591 1426 il
617 1394 679 1436 qui
703 1392 743 1427 in
768 1393 901 1436 questa
926 1391 1023 1427 frase
1049 1403 1123 1427 non
1149 1403 1257 1435 possa
1275 1394 1392 1436 punto
1411 1404 1500 1427 aver
1518 1404 1578 1428 va·

107 1451 184 1486 lore
210 1450 248 1485 di
273 1462 371 1486 nom.
397 1450 456 1485 del
483 1461 659 1494 pronome
686 1449 858 1491 relativo,
884 1450 1078 1495 apparisce
1105 1461 1127 1485 a
1153 1450 1277 1485 chiare
1311 1452 1399 1485 note
1439 1450 1500 1486 dal
1526 1462 1579 1486 se-

106 1511 245 1552 guente
269 1509 381 1552 luogo
406 1508 598 1543 dell'Asin.
617 1509 648 1546 3,
670 1509 700 1549 1,
718 1507 739 1542 2
757 1521 804 1542 an
822 1510 875 1542 ita
889 1513 927 1542 tu
945 1520 980 1542 es
994 1510 1166 1549 animata,
1181 1513 1218 1543 ut
1235 1511 1297 1552 qui
1309 1521 1436 1552 expers
1450 1512 1580 1543 matris

105 1569 269 1610 imperiis
292 1568 393 1601 sies?
416 1586 460 1591 —
475 1568 698 1610 repudies=
714 1568 875 1610 accipere
900 1568 1003 1601 nolis.
1028 1584 1063 1589 -
1111 1565 1205 1600 638.
1233 1578 1345 1610 quom,
1365 1566 1423 1602 col
1448 1567 1578 1610 palim-

105 1626 230 1668 psesto
256 1624 426 1665 ambros„
453 1635 519 1667 per
544 1626 636 1668 quod
661 1624 762 1668 degli
789 1624 877 1659 altri
903 1624 1006 1659 codd.
1033 1642 1077 1647 —
1140 1623 1234 1658 639.
1263 1624 1399 1666 Questo
1426 1636 1531 1660 verso
1558 1627 1577 1661 e

107 1682 302 1717 attribuito
328 1693 351 1716 a.
374 1682 528 1717 Lisitele
553 1682 615 1716 dal
641 1683 730 1717 cod.
765 1684 919 1717 vetus:
946 1682 1010 1718 noi
1035 1682 1292 1717 coll’Acidalio
1318 1683 1354 1717 lo
1387 1683 1577 1718 riferiamo

108 1750 130 1774 a
154 1739 367 1775 Lesbonico.
393 1759 438 1765 —
462 1742 547 1783 quid
572 1752 676 1783 aqam
703 1738 716 1752 ‘⁴
748 1741 813 1775 che
840 1751 925 1775 cosa
949 1740 985 1775 io
1012 1740 1132 1775 debba
1158 1740 1234 1774 fare
1253 1767 1281 1783 ,,.
1307 1761 1352 1765 -
1375 1742 1490 1783 officio
1515 1744 1578 1776 mi-

103 1803 246 1840 aratz
271 1799 385 1840 officio
411 1799 551 1838 recedit,
577 1799 733 1841 officium
759 1800 899 1832 deserit.
928 1815 971 1820 —
1021 1797 1116 1832 640.
1142 1801 1283 1833 rumori
1308 1801 1461 1832 serviam
1490 1795 1504 1811 ²
1522 1799 1578 1834 sia

105 1855 255 1890 schiavo
281 1854 547 1899 dell'opinione
573 1855 750 1899 popolare
768 1883 796 1898 ,,,
822 1855 941 1890 faccia.
966 1855 1002 1890 di
1029 1858 1128 1891 tutto
1153 1867 1220 1900 per
1244 1868 1318 1891 non
1333 1857 1520 1892 incorrere
1538 1860 1578 1892 in

106 1913 218 1947 malos
242 1924 414 1947 rumores.
440 1930 484 1936 -
543 1913 627 1946 641.
655 1913 808 1959 Lisitele
833 1913 1007 1958 risponde
1033 1914 1143 1958 pieno
1170 1914 1208 1949 di
1233 1914 1371 1958 sdegno
1397 1927 1419 1950 a
1444 1915 1577 1951 Lesbo-

104 1971 203 2012 nico,
226 1971 393 2005 vedendo
420 1971 486 2006 che
514 1971 599 2015 egli,
626 1971 692 2006 che
723 1983 798 2006 non
824 1971 854 2006 si
881 1974 899 2006 e
927 1974 1054 2006 curato
1092 1972 1170 2006 mai
1205 1972 1323 2007 finora
1360 1973 1461 2008 della
1487 1985 1576 2009 voce

104 2028 294 2073 popolare,
319 2040 358 2064 se
383 2040 429 2064 ne
456 2031 596 2064 mostra
621 2040 686 2064 ora
710 2031 786 2065 cosi
812 2033 1073 2074 preo'ccupato,
1100 2030 1155 2065 sol
1181 2041 1247 2074 per
1264 2030 1437 2066 resistere
1457 2043 1475 2066 e
1495 2043 1577 2066 con-

103 2086 268 2122 ssraddire
294 2087 367 2122 alle
384 2098 449 2122 sue
475 2090 603 2122 oneste
629 2087 835 2122 intenzioni
860 2107 904 2112 —
926 2088 1019 2130 Quid
1036 2090 1092 2122 ais
1114 2090 1132 2123 e
1160 2089 1357 2125 attribuito
1385 2090 1446 2125 nei
1472 2091 1577 2125 codd.

103 2144 261 2189 palatim·
278 2156 300 2179 a
312 2145 537 2181 Lesbonico:
556 2145 619 2180 noi
633 2145 855 2180 accettiamo
873 2145 1001 2181 invece
1020 2146 1058 2181 la
1075 2147 1285 2183 correzione
1303 2147 1576 2184 dell‘Acidalio.

105 2223 148 2229 -
172 2206 354 2247 promeres
372 2217 415 2230 =
430 2206 651 2246 promereris
675 2203 707 2238 si
732 2205 839 2239 trova
864 2204 1066 2247 adoperato
1092 2204 1194 2249 dagli
1229 2205 1394 2240 scrittori
1432 2205 1577 2242 classici

104 2263 211 2296 tanto
235 2261 275 2296 in
300 2262 422 2296 buono
448 2263 587 2305 quanto
613 2261 651 2295 in
677 2261 817 2296 cattivo
844 2272 963 2296 senso.
991 2279 1032 2284 —-
1084 2261 1179 2296 642.
1206 2265 1284 2297 itan
1301 2277 1346 2289 =
1364 2275 1400 2298 eo
1416 2266 1576 2300 consilio.

104 2336 148 2342 --
171 2320 263 2354 hanc
286 2321 424 2362 famam
452 2317 465 2332 ⁸
486 2319 514 2354 il
540 2319 620 2355 loro
638 2330 748 2355 nome
773 2330 882 2354 senza
907 2319 1076 2355 macchia
1097 2347 1126 2363 „,
1152 2321 1189 2355 di
1215 2321 1274 2356 cui
1302 2333 1343 2356 or
1376 2321 1404 2356 ti
1445 2323 1576 2359 mosssri

103 2379 179 2412 cosi
203 2377 341 2421 geloso.
368 2395 411 2400 —
462 2377 557 2412 643.
584 2383 779 2421 anteperta,
804 2389 871 2422 per
895 2383 1079 2413 anteuerta
1094 2378 1153 2413 del
1168 2378 1339 2423 palimps.
1354 2380 1512 2416 ambros.
1530 2394 1576 2408 =

103 2441 184 2470 ante
205 2441 326 2480 parta.
353 2435 424 2471 Cfr.
450 2438 590 2481 quanto
617 2436 651 2470 al
679 2438 912 2472 mutamento
938 2436 976 2471 di
1001 2449 1021 2471 α
1047 2437 1086 2471 in
1112 2449 1138 2478 e,
1165 2449 1292 2481 cea-pers
1317 2438 1365 2473 da
1383 2450 1488 2482 pars,
1512 2441 1576 2473 im-

99 2496 252 2537 pertire,
278 2495 445 2537 refertus,
471 2497 716 2539 aequiperare,
741 2507 923 2538 repercere
948 2495 1054 2530 Truc.
1081 2495 1113 2537 2,
1138 2496 1171 2537 4,
1198 2496 1253 2530 24.
1280 2516 1325 2520 -
1417 2496 1511 2531 644.
1539 2502 1577 2531 ut

102 2553 231 2590 vindeoe
264 2553 375 2598 fcere-3
391 2566 436 2584 .=
457 2550 470 2565 “
495 2558 531 2589 ut
556 2554 744 2590 ulciscaris
769 2564 811 2589 ac
837 2554 972 2598 iuqules
1008 2555 1175 2591 honorem
1213 2558 1273 2594 Qui
1305 2560 1473 2590 venturus
1498 2561 1577 2591 erat

1399 2673 1457 2687 ‘'*2
