1872 2968
250 79 292 113 18
701 89 705 92 ⁴
833 94 870 119 M.
895 94 977 120 acet
1001 95 1132 121 ΡιΑυτι

356 173 410 211 Vt
437 170 478 212 te
506 172 651 214 uidere
679 169 907 224 audireque
935 171 1096 225 aegroti
1125 177 1245 216 sient.

248 248 320 286 CA.
350 248 423 292 Qui
456 249 496 287 in
527 247 707 288 mentem
738 249 853 289 uenit
881 245 952 289 tibi
981 248 1112 290 istaec
1140 251 1251 291 dicta
1271 247 1443 294 dicere?

248 324 329 361 MA.
359 324 461 369 Quia
491 320 623 362 omnis
649 324 775 363 bonos
801 322 1011 374 bonasque
1039 326 1245 366 adcurare
1272 324 1458 376 addecet,

353 393 636 448 Suspicionem
664 401 706 438 et
734 394 900 450 culpam
929 404 975 439 ut
1002 401 1053 440 ab
1082 412 1126 441 se
1153 397 1390 453 segregent.

208 513 210 516 ‚
247 473 319 511 CA.
339 474 429 512 Non
451 472 581 523 potest
601 476 826 523 utrumque
846 469 957 515 fieri.
977 477 1058 516 ΜΕ.
1073 474 1362 527 Quapropter?
1389 480 1462 517 CA.
1481 481 1616 530 Rogas
1630 483 1646 520 9
1660 483 1713 522 80

351 549 412 588 Ne
440 544 654 587 admittam
675 550 855 600 culpam,
884 561 961 601 ego
992 550 1081 591 meo
1109 563 1201 591 sum
1230 564 1401 603 promus
1428 551 1608 604 pectori:

351 619 576 673 suspiciost
604 624 645 663 in
674 621 844 675 pectore
873 625 1008 666 alieno
1035 627 1127 667 sita.

351 700 455 738 Nam
485 695 596 739 nunc
624 711 700 750 ego
727 702 761 740 si
790 703 831 741 te
859 697 1126 753 surrupuisse
1159 700 1346 755 suspicer

350 769 438 813 Ioui
467 785 662 814 coronam
691 772 742 815 de
770 777 905 826 capite
933 788 989 818 ex
1017 777 1229 829 Capitolio,

1653 280 1692 306 4⁰

1653 656 1688 683 45

245 881 330 916 licle
357 893 460 916 come
486 893 536 916 un
562 882 753 920 individuo
779 882 807 917 il
833 883 891 918 cui
917 887 1087 920 contatto
1114 888 1187 929 pub
1217 886 1350 921 riuseir
1374 887 1532 923 molesto
1557 899 1577 924 e
1603 901 1713 925 causa.

245 939 474 975 d'infezione.
500 960 545 965 —
619 940 684 975 76.
711 947 798 976 ut
819 944 954 985 aeyroti
979 945 1128 976 sient=
1145 940 1159 956 “
1181 943 1219 977 in
1246 944 1354 979 modo
1381 945 1429 979 da
1453 946 1668 981 ammalarsi
1693 958 1713 982 o

242 998 364 1032 subire
384 998 410 1032 il
427 1000 491 1033 tuo
518 999 690 1042 contagio
713 1026 741 1042 ,,.
763 1020 806 1025 -
826 999 1029 1035 Gl'infiniti
1046 1002 1164 1035 videre
1188 1004 1381 1046 audireque
1405 1013 1493 1038 sono
1522 1004 1714 1047 congiunti
1779 1032 1781 1036 .

241 1056 280 1090 in
305 1056 414 1090 modo
441 1056 569 1092 afiatto
595 1057 714 1092 libero
741 1069 809 1093 con
835 1061 980 1101 acyroti,
1006 1069 1025 1093 e
1055 1059 1167 1094 fanno
1185 1060 1219 1094 le
1239 1059 1317 1095 veci
1343 1060 1380 1094 di
1406 1072 1508 1104 quom
1527 1066 1558 1095 te
1573 1064 1714 1097 videant

242 1115 466 1157 audiantque.
485 1114 556 1149 Cfr.
576 1115 686 1150 Mero.
705 1116 736 1158 2,
755 1116 787 1157 2,
808 1117 850 1151 17
868 1129 938 1151 non
955 1128 1033 1150 sum
1051 1123 1239 1161 occupatus
1256 1130 1419 1162 umquam
1440 1121 1552 1154 amico
1569 1131 1713 1164 operam

242 1174 351 1213 dare3
378 1172 428 1207 ib.
454 1174 487 1214 4,
514 1174 545 1214 5,
573 1173 593 1207 3
620 1175 777 1216 defes'sus
802 1186 880 1208 sum
906 1175 1026 1209 urbem
1051 1180 1159 1209 totam
1182 1178 1425 1219 pervener-ier.
1455 1196 1492 1201 —
1562 1176 1627 1212 77.
1653 1185 1714 1222 qui

244 1227 257 1242 “
279 1241 381 1265 come
404 1257 432 1274 „.
462 1251 498 1256 —
528 1233 592 1265 tibi
608 1235 726 1273 istaec,
753 1232 815 1266 cfr.
841 1232 979 1268 Introd.
999 1232 1103 1277 Capt.
1121 1233 1302 1268 XXXVII.
1324 1254 1360 1259 —
1381 1237 1476 1269 dicta
1493 1236 1608 1270 dicere
1625 1237 1644 1271 'e
1661 1248 1711 1270 un

240 1288 404 1332 esempio
430 1289 467 1322 di
506 1289 632 1332 quella
660 1287 674 1302 ⁴‘
697 1290 813 1333 figura
846 1290 1097 1334 etymologica
1119 1317 1147 1334 ,,,
1173 1292 1210 1326 la
1235 1291 1345 1335 quale
1382 1292 1518 1328 ricorre
1543 1295 1617 1328 cosi
1643 1293 1710 1328 fre-

239 1348 505 1390 quentemente
543 1347 582 1381 in
619 1348 776 1390 Plauto;
804 1348 866 1383 cfr.
895 1361 925 1382 v.
953 1348 1032 1385 302.
1064 1364 1109 1369 -
1207 1348 1272 1383 78.
1311 1352 1434 1391 amuis,
1472 1351 1536 1385 cfr.
1573 1351 1712 1385 Introd.

240 1404 345 1448 Capt.
372 1405 571 1439 XXXVIII.
610 1423 651 1427 ——
692 1408 871 1440 adcurare
897 1408 915 1441 e
942 1418 990 1440 un
1018 1407 1130 1441 verbo
1157 1407 1307 1451 proprio
1334 1408 1434 1451 degli
1463 1408 1625 1443 scrittori
1655 1419 1713 1443 co-

239 1462 348 1497 mici:
376 1463 551 1498 Cicerone
577 1475 651 1498 non
677 1475 829 1499 conosce
857 1464 953 1499 altro
980 1465 1045 1499 che
1072 1465 1099 1499 il
1126 1468 1221 1509 part.
1248 1477 1344 1509 pass.
1370 1472 1559 1500 accuratus
1586 1465 1599 1479 “
1616 1466 1712 1502 fatto

239 1532 307 1555 con
333 1533 419 1556 cura
436 1549 464 1564 ,,.
491 1539 535 1543 -
561 1523 666 1556 bonos
692 1524 864 1566 bonasque
889 1534 978 1557 sono
1012 1523 1216 1558 accusativi
1247 1524 1313 1558 che
1344 1524 1554 1569 dipendono
1578 1524 1627 1559 da'
1651 1526 1711 1558 ad-

239 1581 341 1613 decet.
368 1597 411 1602 —-
487 1579 551 1614 79.
577 1583 813 1623 suspicionem
838 1586 1015 1624 seqreyent
1044 1579 1057 1593 “
1079 1593 1153 1616 non
1190 1581 1357 1616 facciano
1391 1581 1585 1625 concepire
1610 1582 1647 1616 di
1672 1582 1710 1616 se

240 1638 347 1672 alcun
374 1640 539 1682 sospetto
562 1651 595 1680 ,3
627 1639 690 1672 cfr.
718 1639 818 1672 Asin.
846 1640 878 1679 4,
909 1641 936 1679 1,
963 1639 1007 1674 29
1033 1641 1252 1683 suspiciones
1276 1651 1394 1674 omnes
1418 1640 1460 1673 ab
1485 1651 1521 1673 se
1549 1644 1712 1682 seyreqet.

239 1713 283 1718 —-
334 1695 399 1730 80.
424 1701 546 1739 potest,
573 1696 629 1731 coi
656 1697 782 1731 codd.:
813 1696 947 1731 Plauto
985 1709 1052 1732 usa
1088 1698 1423 1741 frequentemente,
1460 1697 1499 1731 in
1536 1697 1647 1740 luogo
1673 1696 1712 1731 di

236 1759 358 1797 potest,
379 1756 476 1797 potis
502 1766 521 1788 0
547 1766 638 1798 pure
667 1760 756 1798 pote,
783 1754 987 1790 coll'ellissi
1014 1755 1113 1789 della
1140 1755 1283 1799 copula.
1309 1774 1355 1778 —
1419 1754 1477 1789 81.
1497 1766 1650 1798 promus
1681 1754 1711 1789 si

240 1811 434 1846 chiamava
459 1812 737 1856 propriamente
763 1814 799 1847 lo
826 1813 974 1848 schiavo
1001 1812 1216 1856 (cellarius),
1229 1812 1256 1846 il
1282 1812 1392 1856 quale
1426 1812 1713 1848 sovrintendeva

241 1871 316 1904 alla
340 1871 515 1914 dispensa
541 1870 644 1910 (cella
664 1872 840 1915 penaria)
868 1877 899 1906 et
921 1873 1103 1915 promebat
1121 1873 1269 1912 cibaria,
1287 1871 1443 1906 nell'ora
1469 1870 1527 1905 del
1553 1881 1711 1914 pranzo:

241 1928 304 1972 qui
329 1928 457 1963 invece
485 1930 504 1963 e
531 1929 733 1972 adoperato
760 1941 826 1974 per
852 1930 1017 1964 indicare
1044 1930 1103 1963 chi
1129 1930 1148 1964 e
1178 1927 1190 1941 “
1209 1929 1348 1963 arbitro
1375 1939 1395 1963 e
1422 1929 1586 1972 padrone
1606 1955 1620 1970 ‚
1650 1927 1710 1962 dei

240 1987 365 2031 propri
391 1987 554 2030 pensieri
569 1998 587 2021 e
603 1987 700 2022 delle
727 1988 876 2032 proprie
895 1987 1087 2022 decisioni.
1106 2002 1150 2007 -·
1168 1999 1240 2021 meo
1262 1988 1400 2030 pectori
1416 1988 1436 2021 e
1453 1998 1503 2020 un
1528 1985 1710 2021 dativus

241 2045 458 2080 commodi
483 2046 585 2080 d‘uso
613 2047 687 2080 cosi
713 2045 907 2089 frequente
925 2045 987 2080 nei
1005 2045 1107 2089 poeti
1133 2044 1280 2080 comici:
1308 2045 1372 2079 cfr.
1390 2057 1421 2078 v,
1448 2045 1516 2079 204
1542 2055 1561 2079 e
1589 2055 1657 2088 per
1673 2044 1712 2079 la

240 2103 336 2138 frase
362 2103 485 2138 intera
511 2103 641 2137 Bacch.
669 2104 736 2137 652
758 2109 898 2147 pectore
918 2109 1065 2147 promat
1089 2114 1163 2137 suo.
1191 2123 1232 2128 -—
1298 2101 1364 2137 83.
1391 2104 1644 2144 surrupuisse:
1674 2102 1712 2137 la

241 2162 368 2196 vocale
395 2161 557 2195 radicale
583 2161 643 2196 dei
668 2161 773 2196 verbi
799 2163 914 2204 rapio,
941 2163 1042 2204 capio
1060 2172 1079 2195 e
1097 2162 1187 2195 salio
1213 2172 1377 2195 suonava
1402 2161 1654 2195 anticamente
1671 2159 1711 2194 in

242 2220 510 2263 composizione
538 2233 571 2260 u,
598 2231 617 2255 e
644 2220 804 2255 soltanto
831 2220 894 2264 piu
922 2220 1019 2254 tardi
1047 2222 1154 2263 passo
1180 2220 1220 2254 in
1243 2221 1272 2261 i;
1300 2219 1363 2254 cfr.
1388 2221 1604 2254 insumamus
1631 2218 1709 2253 Mil.

242 2278 274 2319 2,
301 2278 332 2319 3,
359 2280 390 2318 8,
416 2290 585 2321 aucupor,
613 2280 850 2321 mancupium,
877 2279 1152 2319 contubernium,
1174 2280 1346 2322 percutio,
1365 2278 1536 2318 conculco,
1565 2278 1710 2319 exsulto,

241 2337 410 2370 insulsus.
441 2356 476 2361 —
519 2335 586 2370 84.
612 2338 687 2370 Iovi
704 2347 881 2370 coronam.
900 2335 972 2370 Era
989 2339 1122 2380 questa
1147 2335 1440 2379 un‘espressione
1466 2334 1710 2379 proverbiale,

242 2405 309 2438 per
341 2393 504 2429 indicare
531 2407 579 2428 un
605 2395 744 2438 grande
771 2406 790 2430 e
817 2395 956 2430 audace
982 2394 1132 2435 delitt03
1171 2394 1235 2429 cfr.
1274 2394 1370 2428 Men.
1397 2393 1476 2435 941,
1506 2393 1600 2428 dove
1637 2393 1710 2427 Me-

242 2452 408 2494 nechmo‚
428 2454 594 2487 montato
614 2453 706 2487 sulle
724 2452 819 2487 furie
836 2464 902 2496 per
916 2453 953 2487 la
966 2451 1223 2496 inesplicabile
1240 2451 1449 2496 pertinacia
1470 2451 1530 2487 del
1549 2451 1711 2492 vecchio,

243 2511 421 2545 esclama:
448 2515 485 2544 at
509 2522 567 2553 eqo
593 2515 622 2544 te
647 2523 788 2546 sacram
824 2523 988 2546 eoronam
1020 2512 1252 2554 surrupuisse
1277 2511 1371 2544 Iovis
1394 2511 1477 2545 scio.
1503 2509 1534 2544 ll
1559 2508 1711 2550 Becker,

242 2569 329 2604 Ant.
355 2569 488 2611 Plaut„
513 2580 548 2612 p.
575 2569 629 2611 30,
656 2569 773 2606 scrive
790 2582 805 2604 :¹
827 2567 841 2583 ⁸
857 2569 1045 2605 Verumne
1071 2568 1308 2612 sacrilegium
1333 2567 1540 2612 respexerit
1556 2567 1712 2603 Plautus
