1872 2968
262 96 307 131 20
841 109 878 134 M.
906 107 987 135 Acct
1010 109 1141 136 ΡιΑυτῐ

371 188 450 228 Sed
478 189 524 228 tu
553 185 606 229 ex
634 188 779 229 amicis
806 186 934 228 certis
962 189 1098 229 mihi's
1127 185 1395 232 certissimus.

371 260 512 314 Siquid
542 264 621 303 scis
649 275 715 303 me
744 258 888 303 fecisse
916 263 1064 304 inscite
1092 267 1165 304 aut
1193 260 1390 316 imprbbe,
1681 269 1734 308 95

370 338 411 377 Si
441 338 480 376 id
509 336 590 378 n6n
619 349 685 378 me
714 341 897 384 accusas,
928 335 1017 378 tute
1046 338 1132 388 ipse
1160 338 1441 390 obiurgendus
1465 353 1522 382 es.

266 414 347 452 ΜΕ.
369 413 461 452 Scio
481 415 533 459 et,
549 413 583 451 si
602 410 683 452 elia
694 411 778 452 huc
798 423 923 452 causa
944 414 994 452 ad
1015 415 1057 453 te
1077 411 1241 462 edueni,
1261 425 1436 464 aequom
1457 412 1649 466 postulas.
1671 447 1704 470 ao

266 489 338 527 CA.
370 486 573 537 Exspecto
601 487 734 536 siquid
764 483 890 527 dicas.
946 490 1027 527 ME.
1057 488 1344 528 Primumdum
1373 487 1556 528 &mnium

374 563 483 601 Male
511 556 727 601 dictitatur·
755 557 825 602 tibi
857 563 978 613 uolgo
1008 563 1048 601 in
1077 562 1348 603 sermonibus.

372 632 809 687 Turpilucricupidum
838 634 880 677 te
908 641 1061 677 uocant
1089 638 1202 678 ciues
1231 639 1313 678 tui:
1656 642 1732 680 100

371 713 475 750 Tum
507 709 649 752 autem
678 715 775 751 sunt
802 713 872 752 alii
901 709 970 763 qui
1000 715 1041 753 te
1071 711 1299 753 uolturium
1329 718 1504 755 uocant:

369 777 559 834 Hostisne
587 805 640 833 an
670 794 776 834 ciuis
803 790 996 841 0011101113,
1027 796 1146 844 parui
1176 791 1370 845 pendere.
1671 827 1704 850 ⁶5

263 960 383 984 nuovo
409 949 448 983 in
472 949 590 984 latino
617 961 636 985 e
662 950 842 994 potrebbe
880 961 1000 984 essere
1026 950 1162 985 dovuto
1193 962 1215 984 a
1239 962 1313 985 una
1341 950 1645 994 interpolazione.
1669 952 1731 987 Ma

262 1019 336 1042 non
361 1008 468 1042 basta
493 1010 623 1051 questa
650 1008 780 1042 novita
815 1019 837 1043 a
874 1008 931 1042 far
968 1008 1129 1043 ritenere
1166 1008 1395 1051 interpolato
1422 1009 1537 1044 anche
1562 1009 1591 1043 il
1618 1021 1648 1043 v.
1676 1010 1730 1044 92.

263 1065 293 1098 11
327 1066 510 1109 pensiero,
535 1066 636 1100 nella
672 1066 820 1110 triplice
859 1066 1053 1106 divisione,
1091 1077 1165 1101 non
1202 1068 1378 1110 presenta
1414 1067 1648 1102 ridondanze.
1685 1085 1730 1090 -

259 1130 453 1166 pervertant
489 1135 556 1168 per
586 1129 759 1167 pert-enat
788 1126 807 1159 e
837 1125 972 1160 dovuto
1003 1125 1050 1159 ad
1078 1136 1152 1159 una
1180 1124 1388 1159 correzione
1425 1125 1485 1159 del
1522 1125 1650 1159 Pareo.
1685 1142 1729 1147 —

263 1180 329 1216 94.
355 1182 631 1216 mihi's=mihi
654 1194 700 1224 es,
727 1183 784 1217 001
809 1182 982 1227 palimps.
1020 1183 1180 1217 ambros.
1215 1203 1261 1207 —-
1345 1182 1411 1215 95.
1436 1185 1562 1217 inscite
1589 1180 1602 1195 ⁴⁴
1624 1183 1730 1217 folle·

262 1242 397 1282 mente,
424 1242 659 1284 pazzamente
683 1267 709 1282 „.
737 1255 781 1260 —
839 1240 905 1275 96.
932 1253 1002 1275 non
1028 1253 1090 1282 me,
1117 1241 1174 1275 col
1199 1240 1297 1281 Reiz,
1324 1251 1390 1284 per
1415 1252 1466 1274 me
1491 1252 1561 1274 non
1586 1240 1647 1274 dei
1672 1252 1727 1274 co-

262 1299 346 1333 dici.
382 1318 428 1323 —
465 1302 535 1332 tute}
571 1301 589 1333 e
623 1299 660 1333 la
696 1299 815 1333 forma
843 1299 880 1333 di
906 1299 1137 1334 nominativo
1163 1299 1224 1333 del
1248 1310 1426 1342 pronome
1461 1299 1654 1342 personale
1679 1304 1727 1340 tu,

261 1357 458 1392 rinforzato
472 1357 569 1392 colla
580 1357 777 1401 particella
795 1357 970 1392 enclitica
984 1363 1038 1391 -τε,
1057 1357 1108 1391 La
1126 1357 1237 1400 quale
1254 1357 1369 1391 molto
1384 1356 1692 1400 probabilmente,
1707 1367 1729 1389 a

261 1415 347 1458 quel
362 1415 470 1449 modo
485 1415 551 1449 che
577 1415 604 1448 il
618 1420 699 1448 -met
717 1415 753 1448 di
772 1420 897 1457 eqomet
912 1415 942 1450 si
961 1416 979 1449 e
998 1415 1117 1449 svolto
1132 1414 1232 1448 dalla
1242 1415 1362 1448 forma
1375 1413 1539 1448 dell'acc.
1565 1413 1728 1456 *me-met,

261 1473 291 1506 si
306 1474 389 1507 sare,
406 1472 547 1507 divelta
563 1472 665 1506 dalla
682 1473 801 1507 forma
815 1472 1063 1516 raddoppiata
1088 1472 1252 1506 dell'acc.
1278 1472 1372 1514 sing.
1388 1477 1452 1506 te‘te·
1475 1471 1595 1515 (Epid.
1620 1470 1689 1513 85),
1709 1481 1744 1506 e·

261 1531 402 1574 quindi,
439 1531 594 1574 perduto
621 1530 648 1564 il
673 1530 824 1575 proprio
853 1530 1062 1572 significato
1089 1529 1336 1573 etimologico,
1363 1529 1393 1563 si
1418 1531 1502 1564 sarii
1526 1529 1728 1584 congiunta

261 1595 377 1629 anche
404 1595 479 1638 agli
506 1594 594 1628 altri
620 1594 695 1629 casi
722 1594 782 1629 del
807 1605 985 1638 pronome
1012 1596 1139 1629 stesso.
1167 1613 1211 1618 —
1318 1592 1384 1626 97.
1411 1596 1481 1626 scio
1508 1596 1538 1626 ἔιέ
1562 1595 1595 1626 si
1617 1593 1726 1632 ‹ili-a,

260 1652 700 1696 proceleusmatico,
731 1652 945 1687 coll'Hertz.
972 1652 1041 1686 Nei
1075 1651 1202 1692 codici,
1230 1653 1301 1685 scio
1334 1650 1365 1684 si
1389 1652 1497 1685 trova
1526 1649 1727 1694 congiunto

261 1711 335 1746 alla
360 1711 432 1745 fine
459 1711 518 1746 del
545 1723 576 1745 V.
603 1711 839 1755 precedente.
870 1729 908 1733 —
928 1712 1014 1754 alia,
1040 1711 1125 1745 soit.
1150 1712 1224 1743 nisi
1243 1715 1279 1743 ut
1296 1714 1326 1743 te
1351 1709 1554 1751 ohim-mem.
1580 1726 1625 1731 —
1654 1707 1729 1740 alia

260 1771 325 1803 hue
350 1769 406 1804 001
433 1768 654 1809 camerario,
688 1779 755 1812 per
780 1769 846 1802 huc
871 1769 945 1801 alia
978 1767 1038 1801 dei
1076 1767 1205 1806 codici,
1231 1784 1273 1788 —
1299 1777 1441 1808 aequom
1464 1765 1623 1808 postulas
1651 1760 1664 1775 ¹‘
1685 1765 1728 1797 tu

260 1827 322 1860 hai
347 1827 637 1871 perfettamente
663 1826 815 1869 ragione
840 1853 867 1867 „‚
894 1826 960 1860 0110
987 1825 1021 1860 10
1049 1825 1170 1859 debba
1196 1834 1295 1858 esser
1327 1822 1538 1863 biasimato,
1563 1833 1630 1865 per
1654 1832 1728 1855 non

261 1896 347 1920 aver
384 1884 667 1919 candidamente
694 1895 861 1927 espresso
887 1884 924 1918 la,
951 1884 1026 1917 mia
1050 1881 1377 1926 disapprovazione
1404 1892 1470 1924 per
1495 1881 1531 1913 la
1556 1881 1621 1914 tua
1645 1890 1726 1913 con·

261 1944 377 1978 dotta.
413 1958 459 1962 -
554 1942 620 1976 98.
647 1940 866 1986 ,ςιίΙιιίᾶΞεῖ
890 1952 935 1983 τι,
962 1941 1022 1975 nel
1049 1951 1155 1975 senso
1193 1940 1230 1973 di
1255 1939 1275 1971 ὅ
1300 1948 1345 1979 τι,
1373 1938 1436 1972 cfr.
1465 1939 1540 1972 148.
1581 1955 1622 1959 —
1651 1938 1726 1980 pri-

261 2003 440 2035 mumdum
469 1998 482 2012 “
504 2000 541 2034 in
568 2000 688 2043 primo
713 2000 824 2042 luogo
846 2026 875 2041 „‚
901 2001 1052 2038 πρῶτον
1077 1998 1131 2038 δή.
1158 1997 1210 2031 La
1245 1995 1441 2041 particella,
1467 1994 1742 2032 dimostrativa-

261 2062 344 2093 dum
369 2059 400 2094 si
425 2061 531 2093 trova
555 2059 627 2093 ben
646 2069 770 2102 spesso
789 2058 991 2100 adoperata
1009 2067 1111 2090 come
1139 2055 1322 2095 enclitica,
1348 2053 1614 2098 specie-lmente
1632 2051 1728 2095 cogli

261 2116 498 2161 imperativi:
524 2118 672 2159 ayedccm
695 2114 754 2157 (--·-
768 2115 829 2154 ἄγε
848 2114 918 2155 δή),
944 2116 1094 2153 dicdum,
1114 2115 1292 2154 adesdum,
1311 2113 1624 2154 circumspicedum
1650 2110 1727 2150 146,

262 2177 426 2210 cedodum
452 2174 519 2209 968
546 2185 630 2215 ecc„
658 2185 675 2208 e
703 2173 800 2214 ‹20in
827 2173 976 2207 avverbi
1005 2172 1041 2205 di
1067 2174 1212 2215 tempo:
1244 2171 1501 2214 primumdum,
1527 2170 1727 2210 etiamdum,

262 2235 452 2273 interdum,
478 2234 645 2274 nondum,
664 2234 818 2272 vixdum,
838 2233 984 2271 (ludum,
1002 2232 1146 2273 quidum
1160 2243 1205 2255 =
1219 2231 1296 2268 πῶς
1321 2228 1362 2268 δή
1379 2226 1485 2269 (166).
1513 2245 1556 2250 -
1604 2224 1671 2259 99.
1689 2228 1728 2258 in

261 2292 480 2324 sermonibus
509 2289 521 2302 “
543 2290 605 2324 nei
631 2289 783 2324 discorsi
810 2289 876 2323 che
903 2288 932 2322 si
959 2288 1070 2322 fanno
1096 2289 1155 2321 tra
1179 2286 1230 2330 gli
1257 2285 1368 2320 amici
1389 2311 1417 2327 ,,.
1444 2304 1488 2308 -
1542 2282 1629 2317 100.
1655 2288 1727 2317 tur-

256 2350 561 2391 pilucrz‘cupsdmn
587 2349 606 2382 e
632 2359 706 2382 una
743 2347 872 2391 parole,
908 2345 1088 2389 d'origine
1114 2344 1294 2389 plautina,
1321 2344 1446 2377 creata
1471 2341 1567 2376 assai
1598 2340 1728 2384 proba-

263 2407 440 2440 bilmente
467 2417 532 2449 per
557 2406 725 2440 tradurre
752 2406 862 2448 l'agg.
889 2415 942 2447 gr.
969 2402 1236 2444 αἰσχροκερδής.
1261 2418 1305 2423 -—
1343 2399 1419 2434 101.
1449 2401 1639 2434 volturium
1665 2408 1729 2432 era

261 2463 287 2497 il
306 2475 413 2497 nome
433 2463 664 2506 proverbiale
684 2463 721 2497 di
741 2463 799 2497 chi
818 2463 847 2496 si
867 2463 1054 2496 mostrava
1083 2459 1237 2502 ingordo
1256 2469 1274 2492 e
1289 2455 1439 2501 rapae&
1459 2457 1522 2491 cfr.
1541 2456 1645 2499 Capt.
1659 2454 1728 2489 840

261 2530 280 2553 e
307 2518 378 2553 Cic.
406 2519 442 2551 in
480 2518 548 2552 Pis.
578 2519 631 2559 16,
658 2519 698 2552 31
728 2519 928 2562 appellatus
964 2521 1014 2550 est
1038 2516 1215 2550 volturius
1247 2515 1347 2547 illius
1369 2513 1585 2556 provinciae,
1611 2512 1645 2544 si
1672 2511 1729 2544 dis

254 2578 381 2621 placet,
407 2578 615 2619 imperator.
654 2592 698 2598 —
793 2574 881 2609 102.
907 2576 1027 2617 hostis,
1052 2573 1173 2618 prima
1199 2571 1398 2606 d'indicare
1424 2569 1454 2604 il
1482 2566 1495 2582 ⁸
1512 2568 1657 2603 nemico
1691 2566 1730 2601 di
