1872 2968
0 0 173 57 wrm
182 0 185 21 z
194 0 195 4 ¹
250 10 251 14 =
267 0 273 17 τ

7 106 10 108 ’
577 112 797 140 ’rizmvmmvs
819 111 843 143 1,
865 101 899 142 2,
922 99 1053 134 57-71
1511 94 1553 130 21

199 203 314 243 Haec
341 210 464 250 quom
493 192 617 238 a1’1dio
644 196 687 235 in
715 197 757 235 te
785 189 877 240 dici,
906 195 944 232 is
971 185 1195 232 excri‘icior
1223 189 1362 228 miser.

95 280 169 319 CA.
198 279 268 317 Est
296 274 422 325 atque
450 284 532 313 non
561 274 624 312 est
651 270 755 310 mihi
781 266 825 309 in
853 279 992 314 manu,
1022 263 1331 317 Megaronides:

200 351 306 399 Quin
336 345 487 397 dicant,
516 358 598 388 non
627 348 710 387 est:
739 342 889 384 merito
916 345 962 382 ut
990 353 1043 383 ne
1071 339 1221 387 dicant,
1242 340 1281 378 id
1303 340 1377 379 est.
1487 338 1562 376 105

97 430 179 468 ΜΕ.
207 427 357 466 Fuitne
386 420 456 465 hic
484 423 556 463 tihi
586 422 744 461 amicus
763 417 1037 459 Charmides?
1092 418 1163 455 CA.
1194 417 1264 453 Est
1290 412 1333 453 et
1360 413 1449 452 fuit.

201 503 245 541 Id
275 502 332 541 ita
361 498 451 540 esse
479 501 526 538 ut
553 497 713 544 credas,
741 492 832 535 rem
862 493 934 533 tibi
963 489 1178 532 auctorem
1208 490 1325 529 dabo.
1503 516 1536 539 ,0

203 579 308 617 Nam
339 574 552 626 postquam
581 572 651 612 hic
680 571 769 611 eius
797 567 886 609 rem
918 568 1122 618 confregit
1151 562 1266 605 filius

97 753 264 787 guerra„
252 766 280 783 ,‚
306 738 471 782 significo
497 735 774 781 propriamente
804 730 817 745 ⁴⁴
840 732 1033 773 straniero,
1070 729 1265 766 forestiero
1287 755 1315 772 „.
1342 727 1414 763 Cic.
1449 727 1507 762 off.
1535 727 1565 767 1,

100 801 155 841 12,
179 800 221 833 37
248 799 358 832 hostis
382 797 478 840 apud
495 797 648 828 maiores
665 798 806 828 nostros
830 794 862 825 is
888 791 1080 830 dicebatur,
1099 801 1198 832 quem
1223 800 1317 822 nunc
1336 789 1567 831 pereyrinum

98 861 259 893 dicimus.
285 855 357 890 cfr.
382 855 553 889 hosticum
577 852 796 885 domicilium
822 849 900 883 Mil.
925 848 1004 889 450,
1023 847 1126 882 Cure.
1153 848 1173 881 5
1200 849 1233 880 εἰ
1249 851 1363 880 status
1388 846 1568 879 condictus

99 928 176 951 cum
201 917 295 949 hoste
330 913 516 946 inter'cedzt
552 912 627 944 dies
664 920 682 943 e
721 906 978 948 Erod.9,11
1019 889 1154 943 ξείνους
1190 903 1256 944 γὰρ
1293 901 1438 934 ἐκάλεον
1477 900 1567 938 τοὺς

101 972 313 1014 βαρβάρους.
344 987 380 992 -
409 968 801 1003 comedcs=00medas.
827 965 879 999 La
904 963 1102 999 desinenza
1133 961 1194 995 del
1223 959 1462 1002 congiuntivo
1489 968 1567 1002 pre·

101 1032 217 1071 sente,
243 1027 393 1072 propria
418 1026 515 1061 delle
543 1025 623 1061 voci
650 1024 792 1059 verbali
817 1026 895 1064 sim,
922 1024 1033 1063 velim,
1060 1022 1180 1061 nolim,
1207 1019 1339 1059 malim,
1380 1017 1411 1051 si
1449 1019 1568 1050 estese

103 1100 167 1133 per
191 1087 374 1131 analogia,
399 1086 461 1120 nel
487 1084 604 1119 latino
631 1082 786 1122 arcaico,
818 1082 933 1116 anche
960 1080 1032 1114 alle
1059 1079 1175 1113 forme
1201 1078 1239 1112 di
1269 1089 1372 1120 cong.
1398 1078 1570 1120 presente

101 1147 162 1181 dei
186 1145 289 1180 verbi
306 1147 366 1178 edo
393 1155 412 1178 e
439 1145 492 1177 do.
508 1134 586 1175 Edi
605 1140 668 1184 qui
688 1141 753 1174 che
768 1141 891 1173 hanno
918 1138 1061 1181 origine
1087 1137 1121 1171 18
1147 1136 1264 1171 forme
1291 1135 1460 1179 plautine
1478 1137 1571 1168 edim

101 1199 200 1234 Trin.
225 1199 304 1241 474,
330 1200 404 1232 edis
429 1197 529 1231 Trin.
545 1196 626 1236 473,
652 1196 722 1228 edit
745 1194 845 1228 Trin.
862 1194 940 1233 339,
967 1194 1102 1227 edimus
1128 1191 1227 1225 Trin.
1255 1192 1332 1231 514,
1352 1191 1448 1224 edint
1473 1189 1570 1222 Men.

99 1257 179 1299 456,
205 1258 370 1290 comedim
397 1255 498 1290 Curc.
525 1254 603 1294 560,
629 1255 770 1287 exedint
800 1252 930 1286 Pseud.
951 1251 1029 1291 221,
1045 1252 1153 1290 daim,
1171 1251 1253 1282 decis
1271 1248 1375 1291 Capi..
1394 1247 1472 1287 331,
1491 1247 1570 1288 947,

99 1317 293 1349 interfluim
319 1314 411 1348 Rud.
437 1313 514 1354 580,
541 1313 712 1357 perduint
740 1310 843 1345 Asin.
869 1310 949 1352 467,
976 1310 1117 1342 creduis
1142 1308 1275 1351 Amph.
1302 1307 1369 1341 672
1398 1317 1481 1346 ecc„
1505 1305 1570 1339 che

101 1372 343 1416 appariscono
370 1382 443 1415 qua
468 1382 487 1405 e
514 1371 561 1410 la,
589 1380 691 1404 come
717 1368 982 1402 reminiscenze
1008 1366 1190 1410 poetiche,
1210 1365 1326 1399 anche
1344 1363 1442 1398 nelle
1461 1373 1572 1407 opere

103 1430 140 1464 di
166 1430 340 1464 Cicerone
367 1429 444 1467 (cfr.
469 1430 636 1462 comedim
663 1427 709 1460 ad
738 1427 838 1460 Fam.
865 1426 897 1466 9,
924 1425 995 1466 20³,
1023 1424 1086 1465 E.;
1113 1425 1209 1457 edint
1235 1423 1279 1457 de
1298 1422 1378 1456 Fin.
1396 1421 1428 1462 2,
1447 1422 1479 1462 7,
1497 1419 1571 1462 22);

104 1498 123 1522 8
140 1499 186 1522 118
201 1487 322 1522 hanno
337 1487 478 1530 origine
493 1497 583 1530 pure
603 1485 636 1520 le
657 1486 727 1519 due
758 1485 876 1519 forme
896 1483 1064 1518 arcaiche
1083 1482 1120 1515 di
1138 1479 1369 1524 congiunbivi
1387 1481 1574 1522 temperint

102 1557 122 1580 e
147 1547 306 1586 verberit,
333 1545 399 1579 che
426 1556 491 1579 son
518 1544 632 1579 citate
672 1543 719 1577 da
759 1542 867 1576 Festo
906 1552 1008 1576 come
1047 1538 1312 1584 appartenenti
1347 1538 1393 1572 ad
1426 1537 1574 1571 antiche

101 1602 296 1638 iscrizioni.
317 1620 352 1625 --
427 1601 515 1636 103.
541 1604 614 1635 dici
633 1603 666 1635 is
684 1602 870 1634 excrucior
887 1601 906 1634 8
921 1610 995 1633 una
1014 1598 1209 1642 splendida
1234 1595 1496 1631 emendazione
1515 1594 1575 1629 del

102 1660 257 1702 Vahlen,
272 1671 339 1704 per
352 1662 442 1695 dicis
455 1661 642 1694 excrucior
656 1659 721 1693 che
737 1659 859 1693 hanno
878 1657 1034 1692 icodici.
1053 1657 1083 1690 ll
1102 1655 1245 1690 Ritschl
1264 1666 1282 1689 e
1297 1654 1324 1688 11
1341 1654 1576 1697 Kampmann

102 1729 365 1762 proponevano
402 1718 532 1752 invece
571 1717 608 1751 di
647 1717 846 1752 emendare
885 1718 957 1749 dici
994 1716 1206 1748 discrucior.
1242 1730 1280 1734 —
1316 1711 1474 1752 is=1'is,
1501 1711 1575 1745 dat.

105 1775 199 1819 plur.
213 1777 326 1817 nent„
346 1776 409 1810 cfr.
426 1787 462 1809 n.
491 1776 544 1809 17.
563 1791 602 1797 —
619 1777 864 1808 excrucior:
879 1775 980 1808 valde
1007 1775 1159 1812 crucior,
1179 1770 1319 1805 Carisio
1335 1771 1365 1811 2,
1387 1771 1452 1804 198
1470 1770 1513 1803 K.
1532 1788 1577 1793 —

104 1832 190 1867 104.
217 1839 266 1867 est
291 1835 330 1867 in
355 1845 464 1867 manu
491 1832 522 1866 si
549 1832 714 1867 riferisce
733 1832 769 1865 al
796 1834 966 1866 concetto
994 1841 1160 1874 espresso
1186 1829 1248 1863 nel
1274 1841 1306 1862 v.
1333 1828 1374 1862 81
1403 1839 1475 1862 meo
1500 1838 1578 1861 sum

99 1902 250 1936 promus
270 1893 417 1934 pectori.
444 1890 632 1934 Riguardo
659 1889 956 1932 all'espressione
974 1894 1023 1922 est
1040 1890 1078 1921 in
1096 1899 1214 1928 manu,
1232 1887 1270 1921 la
1287 1886 1397 1930 quale
1416 1885 1447 1920 si
1472 1888 1579 1920 trova.

102 1949 307 1992 adoperat-a.
331 1948 430 1982 118110
457 1948 542 1982 stile
569 1947 753 1981 familiare
782 1947 897 1981 anche
932 1947 978 1980 da
1003 1946 1178 1981 Cicerone
1204 1945 1250 1979 ad
1277 1945 1377 1978 Fam.
1406 1945 1459 1985 14,
1487 1944 1519 1984 2,
1545 1943 1579 1992 3,

103 2006 133 2040 si
159 2007 278 2040 metta.
303 2016 324 2039 a
349 2005 530 2040 riscontro
570 2005 595 2038 il
634 2006 812 2048 seguente
851 2004 960 2047 luogo
999 2004 1059 2038 del
1085 2004 1195 2038 Mero.
1215 2003 1246 2044 3,
1265 2003 1297 2044 4,
1323 2003 1367 2037 43
1405 2004 1491 2046 quin
1516 2003 1580 2035 tibi

102 2066 140 2098 in
175 2075 283 2098 marm
311 2069 361 2097 est
393 2065 483 2107 quod
513 2065 638 2097 credas
651 2075 663 2096 .·
695 2074 754 2104 eqo
787 2064 877 2106 quod
910 2064 1025 2096 dicam
1060 2063 1098 2094 id
1132 2063 1180 2094 mi
1213 2063 1253 2094 in
1292 2073 1400 2094 manu
1441 2065 1500 2094 est.
1535 2076 1578 2081 --

103 2120 190 2155 105.
215 2123 408 2164 quin—-ut
434 2133 514 2154 non.
541 2138 584 2142 -
612 2126 648 2154 ut
674 2132 725 2161 ne,
742 2120 780 2154 in
806 2131 912 2155 senso
928 2119 1177 2162 consecutivo,
1196 2119 1227 2154 si
1244 2121 1352 2153 trove.
1377 2118 1579 2161 adoperato

105 2179 221 2214 anche
247 2178 285 2212 in
310 2178 389 2212 Mil.
416 2179 493 2220 149,
520 2179 650 2213 Bacch.
677 2180 711 2219 4,
736 2178 768 2220 8,
794 2178 850 2221 33,
877 2179 984 2212 Most.
1005 2178 1105 2212 1053.
1137 2195 1176 2199 —-
1227 2176 1314 2210 106.
1331 2178 1403 2219 fuit
1429 2176 1466 2210 fa.
1491 2175 1580 2209 sini-

105 2237 198 2280 zesi;
224 2237 288 2272 cfr.
315 2237 452 2271 Introd.
480 2237 586 2280 Caph.
613 2237 686 2271 XL.
712 2252 757 2257 —
783 2236 870 2270 107.
896 2249 981 2270 rem.
1008 2236 1039 2270 Il
1064 2236 1254 2279 Kiessling
1287 2245 1452 2279 propone
1478 2234 1578 2278 inge-

105 2297 349 2338 gnosamenlze
375 2294 412 2328 di
438 2296 583 2329 mutare
610 2306 685 2329 rem
711 2294 749 2328 in
775 2306 838 2335 em,
864 2294 999 2337 perche
1025 2305 1098 2328 non
1124 2294 1178 2336 gli
1205 2293 1353 2327 sembra
1378 2292 1492 2327 molto
1519 2303 1580 2326 na·

106 2352 228 2388 turale
253 2352 515 2397 l'apposizione
542 2352 603 2387 del
629 2352 834 2387 sostantivo
861 2357 1039 2386 auctorem
1056 2349 1114 2393 (=
1129 2350 1258 2389 testem)
1277 2362 1298 2384 a
1316 2363 1400 2392 rem,
1419 2349 1579 2384 sebbene

105 2410 135 2445 il
162 2410 346 2446 Gronovio
372 2410 409 2445 la
434 2410 617 2445 consideri
647 2421 748 2445 come
778 2407 791 2422 ‘⁴
815 2409 955 2444 locutio
983 2409 1134 2452 elegans
1156 2421 1190 2451 „;
1218 2409 1282 2443 cfr.
1300 2408 1360 2443 del
1378 2411 1477 2443 resto
1496 2408 1579 2442 Aul.

107 2469 139 2511 3,
165 2469 198 2510 2,
217 2470 236 2503 7
255 2480 312 2503 res
328 2471 408 2512 ipsa
427 2471 524 2503 testis
548 2474 609 2503 est.
635 2484 679 2488 —
705 2467 793 2502 108.
814 2473 1003 2512 postquam
1028 2469 1084 2501 hic
1110 2480 1154 2493 a:
1180 2468 1238 2501 hic
1260 2472 1456 2510 postquam.
1484 2465 1580 2500 L'hic

108 2526 346 2571 s'interpreta
371 2529 652 2562 comunemente
679 2537 782 2561 come
809 2538 858 2560 un
885 2525 1079 2566 avverbim
1107 2536 1168 2559 ma
1194 2536 1216 2559 a
1240 2525 1303 2559 noi
1321 2525 1467 2560 sembra
1484 2524 1579 2568 piut-

109 2585 208 2620 tosto
234 2585 262 2620 il
286 2587 457 2630 soggetto
495 2584 533 2619 di
558 2586 819 2627 commendavit,
845 2596 877 2619 v.
907 2584 995 2618 113:
1032 2584 1133 2618 l'eius
1158 2583 1225 2619 che
1252 2583 1337 2618 vien
1374 2583 1469 2627 dopo
1497 2583 1515 2617 8
1542 2581 1579 2616 111
