1818 2973
650 61 866 89 Tnmvuuvs
888 60 938 92 nr,
960 49 994 91 3.
1017 47 1150 84 39-54
1560 43 1623 80 131

264 142 404 198 Siquoi
432 140 620 186 mutuom
647 142 745 195 quid
773 140 951 188 dederiS,
979 133 1033 180 fit
1059 148 1135 190 pro
1162 135 1330 189 proprio
1358 132 1591 187 perditum:

265 219 397 271 Quom
415 222 582 271 repetas
599 213 813 259 inimicum
832 216 1014 257 amicum
1033 211 1224 254 inuenias
1240 209 1444 252 beneficio
1463 214 1548 250 tuo.
1566 239 1602 263 ,Β

267 292 309 336 Si
336 306 458 347 mage
485 294 657 346 exigere
684 287 875 343 occipias,
904 290 1084 330 duarum
1103 285 1247 328 rerum
1275 285 1470 327 exoritur
1496 283 1626 336 optio:

266 367 344 411 vel
373 369 476 410 illud
507 368 615 421 quod
642 361 872 409 credideris
899 365 1051 416 perdas
1078 362 1146 404 uel
1173 362 1292 402 illum
1323 360 1504 401 amicum
1533 354 1629 399 ami·

1512 434 1629 475 seris.

163 523 238 562 Cn.
265 518 383 562 Meus
410 522 474 561 est
500 517 740 570 hicquidem
774 514 977 557 Stesimus
1008 524 1166 555 seruos.
1238 514 1305 553 S'r.
1332 512 1439 552 Nam
1466 508 1544 562 ego
1570 511 1631 549 ta·

1096 589 1256 630 lentum
1283 582 1472 627 mutuom
1527 585 1631 625 1055

267 665 370 719 Quoi
398 670 608 715 dederam,
637 665 794 708 talento
822 665 1036 706 inimicum
1056 663 1112 703 mi
1132 660 1225 711 emi,
1245 663 1428 703 amicum
1448 657 1630 702 uendidi.

269 743 348 785 Se'd
377 755 454 796 ego
481 755 573 783 sum
601 738 860 793 insipientior
888 739 958 791 qui
987 737 1112 780 rebus
1140 749 1286 779 curem
1314 733 1489 789 publicis
1570 765 1604 787 so

268 817 412 860 Potius
439 829 577 870 quam,
619 817 661 857 id
702 816 810 868 quod
850 813 1153 867 proxumumst,
1185 824 1278 854 meo
1309 809 1427 864 tergo
1455 808 1631 852 tutele'im

1462 895 1630 938 geram:

271 963 330 1010 Εό
359 969 540 1009 domum.
594 969 668 1008 Cn.
696 968 810 1007 Heus
839 968 894 1013 tu,
914 967 1005 1005 asta
1032 960 1139 1012 ilico,
1168 964 1280 1004 audi.
1334 957 1534 1003 S‘r.He1'is
1562 962 1628 1001 tu!

1092 1041 1184 1079 Non
1212 1041 1287 1079 sto.
1342 1040 1417 1078 Cn.
1444 1033 1504 1077 Τὸ
1523 1036 1631 1076 uolo.

167 1123 235 1162 S‘r.
263 1114 380 1169 Quid,
409 1118 440 1158 si
470 1120 635 1170 egomet
654 1119 696 1158 te
714 1114 823 1158 uelle
843 1116 937 1156 nolo
952 1117 971 1155 ἲ
1026 1117 1100 1155 CH.
1120 1114 1213 1154 Aha
1233 1109 1418 1160 nimium,
1440 1112 1631 1158 Stasime‚

1276 1182 1474 1226 saeuiter.
1530 1185 1633 1224 1060

163 1269 231 1310 ST.
258 1261 408 1309 Emere
436 1265 605 1308 meliust
633 1265 729 1316 quoi
758 1260 951 1316 imperes.
1006 1265 1080 1304 Cn.
1109 1263 1182 1303 Pol
1211 1272 1287 1313 ego
1315 1260 1396 1302 emi
1417 1263 1542 1311 atque
1570 1270 1634 1300 ar-

1318 1332 1489 1388 gentum
1518 1335 1633 1376 dedi:

164 1494 278 1530 Andr.
297 1494 327 1535 1,
345 1492 377 1535 2,
396 1492 442 1528 20
465 1492 528 1527 hoc
553 1492 638 1536 quid
663 1492 710 1525 sit
724 1493 741 1525 ‚2
763 1490 856 1526 dove
874 1490 1021 1526 Donato
1038 1489 1155 1525 scrive
1172 1501 1179 1523 ε
1209 1485 1222 1501 ‘¹
1244 1486 1407 1529 ἔλλειψις,
1433 1489 1526 1522 deest
1543 1488 1635 1521 enim

165 1555 308 1597 quaeris
324 1577 353 1594 ‚.
383 1568 419 1573 -
449 1562 489 1585 re
512 1552 594 1594 ipsa
622 1546 635 1562 ⁸
653 1548 750 1585 colla
774 1549 850 1584 mia
875 1548 1027 1593 propria.
1052 1546 1266 1592 esperienza
1283 1573 1312 1590 ,.
1340 1566 1377 1572 —
1407 1548 1636 1581 commonitas

162 1623 251 1654 sum,
277 1609 341 1645 cfr.
366 1609 504 1645 Introd.
532 1608 637 1653 Capt.
664 1608 812 1643 XXXII.
846 1607 916 1643 Nel
953 1607 1125 1652 palimps.
1163 1606 1321 1642 ambros.
1353 1605 1384 1641 si
1415 1605 1524 1649 legge
1553 1615 1635 1649 pro·

163 1669 373 1714 priamente
389 1682 396 1703 :
422 1669 521 1703 modo
538 1679 578 1701 re
594 1669 675 1711 ipsa
692 1671 880 1701 commotus
897 1678 985 1700 sum.
1005 1686 1047 1691 —
1113 1664 1219 1700 1051.
1233 1676 1305 1709 pro
1325 1662 1338 1677 ⁴‘
1350 1664 1480 1699 invece
1498 1663 1576 1706 di..
1589 1679 1636 1687 --

163 1725 280 1762 1052.
305 1728 466 1761 invenias
490 1727 648 1768 beneficio
673 1730 749 1759 tuo:
775 1724 802 1759 il
828 1725 1002 1770 palimps.
1028 1724 1186 1759 ambros.
1213 1723 1392 1767 aggiunse
1417 1734 1461 1757 ex
1485 1721 1636 1756 innanzi

166 1796 188 1820 a
215 1786 393 1828 benefici03
430 1783 444 1818 i
481 1783 598 1818 codici
635 1782 799 1827 palatini
832 1782 1051 1818 invertono:
1085 1783 1244 1824 beneficio
1281 1782 1448 1815 inuenias
1483 1784 1552 1815 tuo.
1595 1796 1631 1803 -

163 1841 279 1877 1053.
306 1844 455 1885 ἐπίμενε,
481 1841 544 1876 cfr.
571 1841 707 1876 Introd.
735 1840 838 1884 Capt.
866 1840 1046 1874 XXXVII.
1077 1859 1114 1865 —
1143 1841 1299 1873 duarum
1323 1840 1343 1873 e
1369 1837 1543 1873 bisillabo
1569 1848 1637 1881 per

163 1900 322 1942 sinizesi,
341 1900 403 1935 cfr.
424 1900 559 1934 Introd.
579 1899 682 1944 Capt.
696 1898 771 1933 XL.
789 1916 824 1921 —-
867 1897 984 1932 1055.
999 1897 1169 1932 Cat-mide
1185 1896 1216 1931 si
1229 1896 1401 1932 avvicina
1415 1907 1433 1931 e
1447 1896 1635 1931 riconosoe

165 1958 337 1994 Sta-simo.
363 1977 408 1983 —-
494 1956 610 1991 1056.
636 1959 727 2001 quoi,
753 1956 810 1992 ool
836 1956 1008 2000 palimps.
1036 1956 1204 1997 ambros„
1224 1966 1290 1999 per
1313 1956 1406 1999 quod
1430 1954 1490 1989 dei
1516 1953 1635 1990 codici

165 2016 336 2062 palatini.
365 2033 402 2039 —
453 2015 569 2050 1057.
596 2026 725 2050 curare
749 2014 811 2050 nel
835 2014 953 2049 latino
980 2013 1124 2049 arcaieo
1151 2013 1182 2048 si
1207 2013 1408 2049 oostruisce
1425 2011 1638 2047 indifferen-

165 2076 330 2110 temente
355 2076 460 2109 tanto
486 2073 543 2109 eol
569 2073 697 2108 dativo
723 2075 862 2117 quanto
890 2071 1209 2115 coll'aoeusativ0;
1240 2071 1304 2106 cfr.
1332 2071 1447 2106 Stich.
1474 2071 1504 2112 1,
1532 2069 1565 2111 3,
1590 2070 1636 2104 45

167 2135 228 2167 sed
263 2133 398 2167 curfosi
433 2136 514 2166 sunt
547 2132 586 2165 hi
621 2132 817 2174 complures
853 2132 950 2171 mali,
988 2132 1126 2165 alienas
1166 2132 1226 2174 qm·
1263 2140 1321 2164 res·
1354 2134 1483 2163 curant
1519 2129 1637 2163 studio

167 2193 332 2225 maximo.
358 2209 404 2215 —
478 2189 594 2223 1059.
619 2190 704 2223 heus
729 2192 794 2223 tu!
815 2200 886 2222 non
911 2194 974 2230 sto,
1000 2189 1174 2223 abbiamo
1201 2187 1398 2223 attribuito
1425 2187 1481 2222 col
1506 2185 1636 2231 palim-

166 2250 291 2294 psesto
317 2247 551 2283 ambrosiano
578 2259 599 2282 a
625 2247 796 2288 Stasimo,
823 2246 851 2281 il
877 2247 986 2291 quale
1005 2246 1044 2280 in
1063 2248 1193 2290 questo
1228 2246 1336 2280 modo
1371 2244 1444 2279 rife.
1472 2244 1500 2279 il
1531 2255 1637 2280 verso

168 2306 246 2342 alla
269 2318 357 2342 voce
384 2306 444 2341 del
469 2317 533 2341 suo
552 2306 727 2350 padrone.
747 2325 788 2330 —
806 2306 900 2346 ilico,
914 2305 976 2339 cfr.
995 2316 1031 2339 n.
1050 2304 1128 2340 608.
1150 2322 1186 2327 -
1208 2308 1239 2338 te
1256 2305 1340 2345 volo,
1360 2303 1423 2338 cfr.
1441 2315 1476 2338 n.
1494 2303 1574 2339 516.
1597 2320 1634 2326 —

167 2363 282 2400 1060.
307 2367 467 2405 saeviter,
494 2364 572 2399 scil.
598 2366 697 2408 aqis:
736 2362 845 2398 molti
870 2362 1056 2407 aggettivi
1085 2362 1124 2397 in
1155 2374 1211 2397 -us
1236 2362 1404 2398 formano
1430 2362 1492 2397 nel
1516 2361 1636 2397 latino

169 2423 313 2459 arcaieo
337 2423 366 2458 il
390 2424 467 2459 loro
493 2422 667 2458 avverbio
684 2422 825 2463 in-ter;
852 2422 916 2457 cfr.
934 2422 1122 2465 blanditer,
1149 2422 1320 2464 avariter,
1345 2422 1518 2464 amiciter,
1539 2432 1637 2454 mun-

168 2483 273 2523 diter,
299 2482 474 2526 ampliter,
499 2483 659 2525 larfiter,
682 2482 846 2523 firmiter,
871 2481 1085 2522 humaniter,
1110 2481 1260 2514 naviter.
1291 2496 1327 2502 -
1379 2478 1486 2514 1061.
1504 2489 1638 2513 emere:

168 2542 211 2576 tu
235 2539 324 2585 puoi
349 2540 570 2576 comandare
596 2539 756 2575 soltanto
783 2538 819 2573 ai
844 2537 924 2574 tuoi
948 2537 1111 2580 schiavi;
1146 2538 1210 2573 cfr.
1241 2537 1335 2573 Rud.
1367 2538 1398 2581 1,
1428 2537 1461 2581 2,
1493 2537 1536 2573 10
1560 2538 1639 2581 quis
