1872 2968
273 103 296 138 4
860 116 900 142 Μ.
924 116 1008 142 Αοαῐ
1029 117 1163 143 vnum

270 197 332 235 IN.
373 193 549 246 Sequor:
577 197 648 237 sed
677 197 802 237 finem
832 195 920 237 fore
947 209 1071 247 quem
1099 198 1233 238 dicam
1262 198 1413 241 nescio.

270 271 348 312 LV.
376 269 523 311 Adest:
552 267 618 311 em
645 269 743 311 illae
770 273 868 310 sunt
895 268 1037 312 aedes:
1065 272 1079 311 i
1107 272 1217 312 intro
1245 271 1456 316 nunciam.

375 347 511 393 Nunc,
539 345 684 396 nequis
711 349 828 387 erret
856 343 1056 394 u6strum,
1086 348 1230 398 paucis
1257 344 1302 388 in
1331 350 1443 390 uiam

375 417 598 467 Deducam,
628 422 660 461 si
690 421 856 471 quidem
884 419 1055 472 operam
1084 423 1187 463 dare
1214 420 1467 473 promittitis.
1715 427 1741 466 5

270 570 380 614 Degli
406 570 493 605 altri
519 569 632 611 verbi,
651 570 718 605 0110
736 570 768 604 31
785 571 1037 607 costruisoono
1063 572 1316 608 coll'ablativo
1342 573 1444 608 nella
1468 585 1579 617 prosa
1603 586 1622 609 0
1639 575 1741 611 nella

269 629 396 672 poesia
435 628 598 669 classica,
637 628 800 663 soltanto
838 631 956 671 abuti,
992 630 1099 674 quasi
1136 642 1301 675 sempre‚
1336 643 1355 666 e
1382 634 1511 675 potiri,
1545 633 1740 676 ρει-0001110

269 687 380 729 volte,
407 686 580 721 ricevono
606 686 645 720 in
669 687 801 722 Plauto
829 699 848 722 e
873 687 911 721 in
937 688 1114 723 Terenzio
1141 689 1392 724 l'aeeusativo.
1418 710 1463 714 —
1480 703 1610 725 munus
1628 696 1734 726 tuom.

269 744 299 778 Il
325 743 499 788 compito,
526 744 592 778 che
619 746 743 789 spetta
769 745 844 780 alla
869 748 1028 789 poverta
1052 747 1091 780 in
1118 749 1251 790 questa
1268 748 1485 789 commfflia,
1506 748 1537 782 si
1556 750 1663 783 trova
1679 760 1738 784 ac-

270 804 427 837 cennato
454 813 520 846 per
544 802 582 836 la
606 803 729 846 prima
755 803 857 838 volta
882 804 943 838 nel
969 816 1003 839 v,
1032 805 1085 839 15.
1111 825 1157 829 —
1229 804 1266 839 2.
1289 807 1404 848 finem,
1431 808 1517 841 soth.
1548 808 1692 841 itineris
1717 819 1738 843 o

269 868 360 901 pure
386 859 562 900 sequendi.
589 877 634 882 -—
656 859 760 900 finem
784 860 863 899 fore
888 871 986 902 quem
1011 862 1146 894 dicam:
1174 861 1193 895 0
1220 863 1352 904 questa
1380 873 1455 896 una
1492 861 1590 896 delle
1628 862 1738 898 solite

270 914 492 958 espressioni
518 915 731 950 ridondanti
756 915 856 950 della
881 917 1030 959 pariata
1055 918 1244 961 popolare,
1282 918 1349 952 che
1374 918 1632 956 s'inoontrano
1668 921 1737 956 fre-

267 974 532 1016 quentemente
559 973 597 1007 in
635 974 787 1014 Plauto,
813 976 1042 1018 sopratbutto
1076 975 1115 1008 in
1148 975 1283 1009 unione
1310 975 1367 1010 001
1394 987 1425 1009 v.
1452 978 1578 1017 dicere,
1605 988 1624 1012 e
1648 978 1686 1012 fa
1703 978 1738 1013 10

266 1030 347 1065 veci
373 1030 411 1064 di
436 1033 497 1074 qui
519 1032 603 1073 finis
627 1032 777 1073 futurus
801 1033 858 1064 sit.
886 1031 958 1066 Cfr.
991 1031 1094 1075 Capt.
1123 1032 1154 1075 2,
1181 1032 1213 1074 2,
1243 1032 1304 1073 18;
1332 1033 1364 1074 3,
1389 1034 1422 1075 4,
1450 1033 1490 1067 1:
1528 1033 1620 1068 Rud.
1646 1034 1678 1076 3,
1706 1035 1738 1075 1,

268 1088 311 1122 19
336 1100 430 1122 nunc
454 1100 559 1132 quam
583 1091 630 1123 ad
655 1101 729 1123 rem
762 1090 878 1123 dicam
904 1091 966 1124 hoc
991 1092 1143 1124 attinere
1178 1093 1364 1131 somnium,
1403 1092 1605 1135 Numquam
1637 1093 1739 1126 hodie

266 1148 361 1189 quivi
386 1148 432 1180 ad
469 1149 706 1180 coniecturam
734 1149 898 1187 e2=11de›·e;
927 1147 1021 1189 Ter„
1047 1148 1195 1182 Phorm.
1221 1149 1254 1188 4,
1281 1148 1313 1191 3,
1340 1150 1406 1189 55;
1444 1149 1532 1183 Hec.
1559 1150 1619 1191 IV,
1647 1151 1677 1191 1,
1704 1151 1737 1185 5.

270 1220 306 1224 —
361 1201 397 1236 3.
424 1206 475 1236 &m
511 1204 614 1237 illae':
647 1203 710 1237 cfr.
748 1203 886 1237 Introd.
927 1203 1031 1248 Capi.
1065 1204 1246 1238 XXXVII.
1273 1224 1317 1229 -
1344 1217 1395 1238 em
1421 1216 1440 1240 o
1467 1206 1486 1240 0
1511 1205 1735 1250 imperativo

265 1260 457 1305 sincopato
484 1260 521 1295 di
548 1264 630 1303 emo,
653 1258 666 1272 “
685 1261 817 1304 prendi
842 1288 870 1303 „,
885 1273 905 1296 o
923 1263 943 1296 e
958 1261 995 1296 la
1020 1261 1138 1297 forma
1164 1262 1311 1297 aroaiea
1336 1262 1511 1297 dell'acc.
1536 1263 1602 1298 lat.
1628 1264 1667 1298 di
1690 1265 1734 1298 is.

264 1318 316 1353 La
340 1319 460 1353 forma
484 1331 546 1360 em,
573 1319 776 1363 adoperata
801 1319 1125 1363 frequentemente
1152 1320 1214 1354 dai
1238 1321 1341 1364 poeti
1367 1321 1499 1355 comici
1524 1333 1627 1356 come
1653 1333 1735 1365 par-

263 1374 392 1409 ticella
417 1375 687 1416 dimostrativa,
716 1376 754 1409 fu
781 1377 978 1410 attenuata
1004 1375 1068 1419 piu
1094 1376 1193 1410 tardi
1211 1376 1249 1409 in
1267 1388 1320 1410 en.
1338 1376 1430 1410 Essa
1446 1377 1648 1412 s‘incontra
1665 1377 1733 1411 fre-

263 1434 529 1477 quentemente
555 1433 758 1476 congiunta
787 1433 843 1468 coi
868 1433 1040 1476 pronomi
1065 1433 1318 1469 dimostrativi
1343 1435 1409 1475 hic,
1435 1436 1521 1477 illic,
1553 1437 1635 1468 istic
1657 1433 1734 1478 (piu

263 1494 474 1526 raramente
501 1502 568 1526 con
594 1491 652 1532 is),
681 1503 700 1526 o
728 1503 819 1535 pure
847 1491 943 1535 cogli
975 1492 1127 1526 avverbi
1164 1491 1415 1536 pronominali
1440 1493 1506 1533 hic,
1537 1493 1612 1534 hac,
1648 1494 1734 1534 illic,

262 1551 352 1589 istie,
379 1551 439 1590 sic,
467 1555 548 1601 tam,
575 1551 763 1594 tantisper,
792 1561 809 1584 e
836 1550 873 1584 fa
899 1561 1045 1594 sempre
1072 1552 1178 1593 parte
1207 1550 1318 1584 d'una
1355 1550 1612 1593 proposizione
1637 1550 1734 1593 prin-

262 1607 406 1651 cipale:
434 1607 496 1641 cfr.
524 1607 630 1642 Most.
658 1609 690 1647 5,
717 1608 748 1648 2,
775 1607 838 1648 58;
868 1608 999 1642 Bacch.
1025 1608 1058 1649 4,
1087 1609 1116 1647 7,
1138 1608 1199 1648 11;
1221 1608 1327 1651 Capt.
1345 1608 1377 1650 2,
1398 1609 1428 1647 1,
1446 1608 1513 1650 205
1533 1607 1632 1642 Trin.
1651 1607 1731 1648 413,

262 1663 341 1703 923,
379 1663 465 1702 531;
501 1663 612 1697 Mero.
651 1663 718 1697 313
753 1665 786 1696 si
831 1675 996 1707 umquam
1041 1665 1182 1696 vidistis
1219 1669 1424 1703 amatorem,
1458 1675 1510 1696 em
1548 1664 1623 1696 illic
1659 1667 1731 1701 est;

264 1720 363 1755 Asin.
381 1721 447 1754 431
475 1733 526 1755 em
554 1733 633 1763 ,7-90
659 1721 721 1754 hoc
746 1722 820 1754 tibi.
848 1720 885 1755 Si
913 1732 1165 1764 acoompagna
1183 1732 1273 1765 pure
1293 1720 1389 1754 assai
1408 1732 1532 1762 spesso
1551 1731 1620 1754 oon
1637 1720 1732 1754 altre

262 1779 483 1814 indicazioni
508 1779 545 1812 di
571 1779 682 1821 luogo
708 1778 774 1818 (em
799 1781 846 1812 ad
871 1781 1080 1812 sim'steram
1107 1779 1187 1812 Ter.
1214 1778 1306 1812 Eun.
1334 1780 1365 1820 5,
1395 1779 1425 1819 1,
1451 1778 1486 1820 9)
1504 1789 1522 1812 e
1541 1778 1578 1812 di
1603 1779 1730 1822 tempo

261 1837 370 1877 (Men.
395 1837 429 1877 4,
455 1837 487 1877 2,
514 1836 582 1877 61),
609 1848 628 1870 e
656 1836 753 1879 cogli
779 1835 994 1879 imperativi
1022 1839 1108 1876 vide,
1134 1841 1260 1879 specta,
1300 1841 1450 1879 aspecta,
1486 1841 1571 1877 tene,
1605 1837 1732 1879 accipe,

262 1894 421 1938 espressi
462 1905 482 1929 o
524 1905 615 1938 pure
658 1894 871 1929 sottintesi:
913 1895 953 1928 in
999 1895 1117 1938 quest'
1134 1894 1266 1928 ultimo
1305 1905 1388 1928 caso
1426 1904 1539 1936 regge
1587 1904 1732 1936 sempre

260 1952 511 1993 l'aceusabivo,
539 1952 602 1987 cfr.
630 1952 730 1986 Trin.
760 1953 846 1993 185;
875 1953 979 1996 Caph.
1007 1953 1038 1991 3,
1065 1953 1097 1992 4,
1124 1952 1144 1985 8
1171 1964 1223 1985 em
1248 1953 1312 1985 tibi
1328 1953 1512 1984 hominem.
1531 1952 1608 1991 Em,
1629 1962 1731 1985 come

262 2011 392 2055 parola
416 2011 675 2051 monosillaba,
701 2022 773 2045 non
801 2010 832 2044 si
858 2010 955 2044 elide
990 2009 1140 2043 innanzi
1167 2010 1213 2043 ad
1239 2009 1337 2043 altra
1373 2009 1513 2051 vocale,
1549 2010 1655 2043 tanto
1693 2008 1733 2041 111

261 2071 392 2113 questo
417 2069 528 2112 luogo
555 2069 614 2102 del
642 2068 858 2102 Trinummo
885 2069 1024 2112 quanto
1050 2068 1089 2101 in
1115 2067 1287 2111 pareochi
1315 2067 1416 2109 degli
1443 2067 1584 2110 esempi
1623 2078 1734 2109 sopra

261 2126 448 2162 ricordati.
476 2144 518 2149 —
544 2128 628 2160 illae.
654 2128 672 2160 0
691 2126 728 2160 la
753 2126 895 2160 lezione
921 2126 981 2160 dei
1010 2126 1138 2165 codici,
1167 2126 1232 2159 0110
1259 2125 1286 2159 11
1312 2125 1529 2159 Fleckeisen
1557 2135 1731 2167 eorregge

262 2186 301 2220 in
324 2187 437 2227 illaec,
461 2185 596 2229 11010110
623 2186 728 2219 tanto
755 2185 793 2218 in
820 2184 956 2219 unione
985 2195 1051 2218 con
1078 2186 1179 2217 aedes
1197 2185 1335 2227 quanto
1355 2182 1450 2217 colla
1466 2181 1663 2226 particella
1679 2193 1731 2215 em

262 2244 292 2277 si
325 2246 480 2279 trovano
507 2242 614 2287 quasi
639 2254 785 2286 sempre
813 2243 1014 2286 adoperate
1042 2242 1081 2275 in
1108 2242 1240 2276 Plauto
1267 2241 1303 2276 le
1329 2241 1446 2276 forme
1482 2239 1731 2283 pronominali

262 2302 326 2345 piu
350 2302 460 2346 piene
485 2303 568 2335 haec
592 2302 684 2334 hisce
708 2302 809 2334 hasce
827 2302 948 2334 illaec:
968 2301 1051 2334 illae
1069 2299 1099 2334 31
1118 2303 1224 2335 trova
1241 2300 1402 2334 soltanto
1420 2300 1525 2332 usato
1544 2297 1582 2332 in
1601 2300 1732 2341 questo

262 2360 384 2404 luogo,
409 2361 473 2393 hae
497 2359 535 2393 in
563 2359 693 2393 Bacch.
720 2360 752 2399 4,
779 2360 810 2400 7,
840 2360 893 2393 11.
919 2378 964 2383 —
991 2360 1158 2392 nunciam
1183 2360 1202 2392 0
1229 2359 1443 2400 computato
1469 2356 1529 2390 dai
1555 2356 1657 2400 poeti
1675 2367 1734 2390 co-

262 2417 350 2451 mici
376 2428 477 2451 come
504 2417 632 2461 pai-ola
658 2416 855 2457 trisiHaba,
883 2416 919 2450 al
945 2416 1024 2460 pari
1053 2416 1088 2449 di
1117 2418 1218 2449 etiam
1239 2426 1257 2449 e
1275 2417 1452 2458 quoniam.
1475 2434 1512 2438 —
1558 2413 1594 2448 4.
1620 2418 1730 2448 erret:

261 2487 335 2510 non
360 2475 553 2510 lasciatevi
570 2478 689 2509 tran-e
715 2475 754 2509 in
780 2475 954 2518 inganno,
975 2473 1278 2509 considerandoci
1297 2483 1400 2507 come
1418 2473 1489 2507 due
1508 2471 1732 2515 personaggi

262 2534 330 2568 che
355 2533 498 2577 piglino
524 2534 629 2577 parte
657 2533 731 2567 alla
750 2533 968 2568 commedia.
987 2552 1030 2557 —-
1049 2534 1087 2565 in
1105 2534 1199 2565 viam
1220 2529 1232 2543 “
1255 2531 1352 2566 sulla.
1368 2531 1493 2570 buona
1510 2529 1570 2564 via
1591 2557 1605 2572 ,,
1625 2540 1730 2564 301·νο

262 2603 284 2626 a
309 2592 526 2627 continuare
553 2592 782 2635 l'immagine
809 2602 979 2635 espressa
1004 2591 1065 2625 dal
1085 2603 1117 2624 v,
1144 2601 1279 2624 errare.
1306 2607 1350 2613 -——-
1413 2588 1449 2622 5.
1476 2600 1620 2631 operam
1644 2589 1732 2622 dare

1675 5 1691 13 Α,
1722 0 1872 180 &ww
