1818 2973
580 37 591 40 ..
612 37 649 40 --
665 38 669 40 ,
774 22 781 40 Ξ
1083 32 1140 40 -—v
1349 38 1353 43 ,
1373 36 1394 44 -
1417 31 1470 44 ...Δ

393 29 447 36 *—
484 34 549 39 ----

242 92 288 127 86
832 107 871 131 Μ.
895 106 979 131 Acci
1001 105 1134 133 Ριᾼυτι

348 180 438 226 Tibi
467 187 671 237 paterque
698 185 883 238 auosque
912 188 1077 228 facilem
1106 185 1204 229 fecit
1231 189 1275 230 et
1301 187 1469 240 planam
1496 189 1609 230 uiam
1637 176 1717 231 645

348 244 411 300 Ad
441 263 734 312 quaerundum
762 260 985 303 honorem:
1015 265 1060 302 tu
1091 258 1222 304 fecisti
1244 267 1289 304 ut
1308 260 1487 305 difficilis
1506 265 1614 306 foret

347 333 479 388 Culpa
508 349 706 378 maxume
734 335 778 378 et
804 338 960 378 desidia
989 334 1154 390 tuisque
1181 340 1320 379 stultis
1347 338 1543 380 moribus.

348 411 651 464 Praedptauisti
680 411 865 454 amorem
895 416 1010 454 tuom
1039 415 1099 454 uti
1130 410 1276 455 uirtuti
1307 415 1610 467 praeponeres:

347 483 469 529 Nunc
498 491 538 528 te
569 487 648 529 hoc
676 489 787 529 facto
815 487 952 530 credis
992 501 1112 541 posse
1152 487 1349 542 obtegere
1390 494 1563 532 errata?
1616 492 1713 540 aha,

1492 565 1574 607 non
1604 568 1714 608 itast.

347 636 459 689 Cape
487 637 542 678 sis
571 639 773 680 uirtutem
802 638 943 680 animo
972 642 1013 680 et
1041 640 1168 681 corde
1205 638 1370 692 expelle
1398 639 1599 682 desidiam
1628 645 1714 682 tuo.

1634 718 1714 758 650

347 772 393 828 I'n
422 788 512 829 foro
540 801 711 840 operam
740 786 885 831 amicis
913 791 976 839 da,
1006 802 1060 832 ne
1088 791 1130 831 in
1159 788 1267 832 lecto
1294 791 1467 839 amicae,
1496 794 1544 832 ut
1570 791 1716 832 solitus

1541 879 1600 908 es.
1654 897 1688 920 „5

348 923 484 990 Atque
510 941 634 980 istum
665 953 741 992 ego
770 952 918 992 agrum
948 936 1021 981 tibi
1050 941 1229 991 relinqui
1260 941 1309 980 ob
1339 939 1431 981 eam
1451 952 1542 982 rem
1563 942 1716 983 denixe

1548 1016 1714 1068 expeto,

347 1076 402 1132 Vt
431 1093 502 1132 tibi
533 1092 585 1131 sit
616 1092 685 1143 qui
718 1089 759 1133 te
787 1091 1008 1143 conrigere
1036 1091 1184 1142 possis:
1213 1103 1266 1133 ne
1294 1092 1462 1132 omnino
1480 1088 1661 1143 inopiam

346 1163 468 1208 Ciues
497 1159 708 1208 obiectare
738 1168 894 1218 possint
922 1163 1006 1215 tibi,
1037 1179 1138 1217 quos
1167 1171 1210 1206 tu
1241 1166 1429 1208 inimicos
1458 1167 1600 1208 hahes.

241 1246 314 1284 LE.
343 1228 488 1283 &mnia
519 1255 596 1294 ego
625 1244 754 1283 istaec
783 1241 890 1293 quae
911 1245 953 1282 tu
976 1243 1079 1282 dixti
1099 1238 1196 1289 scio,
1218 1244 1284 1283 uel
1305 1241 1609 1294 exsignauero:
1636 1245 1716 1284 655

348 1303 401 1359 Vt
429 1331 520 1360 rem
550 1319 730 1370 patriam
760 1321 802 1358 et
828 1316 1004 1370 gloriam
1034 1316 1239 1358 maiorum
1260 1313 1460 1359 foedarim
1482 1330 1632 1365 meum,
1656 1347 1689 1371 3⁰

346 1390 509 1435 Scibam
539 1397 586 1434 ut
614 1405 704 1434 esse
733 1393 798 1433 me
828 1394 1008 1441 deceret,
1040 1391 1180 1433 facere
1209 1404 1289 1432 non
1319 1391 1487 1443 quibam
1517 1393 1661 1434 miser:

344 1455 404 1510 I'ta
436 1470 478 1509 ui
508 1470 686 1510 Veneris
716 1464 894 1515 uinctus,
924 1469 1007 1508 otio
1035 1467 1158 1519 aptus
1177 1469 1217 1508 in
1241 1469 1430 1508 fraudem
1459 1463 1607 1509 incidi:

345 1540 395 1586 Et
424 1546 498 1586 tibi
529 1556 642 1585 nunc
671 1545 842 1596 proinde
872 1540 919 1584 ut
950 1555 1113 1585 merere
1142 1539 1325 1584 summas
1354 1544 1490 1584 habeo
1516 1543 1688 1595 gratias.

1615 295 1688 318 920

237 1717 285 1750 ad
307 1720 468 1759 posteros
489 1742 502 1757 „
542 1713 664 1748 Valla.
699 1714 836 1747 Vindex
861 1714 881 1747 e
907 1711 1185 1756 propri-amente
1208 1708 1222 1724 ⁸
1243 1711 1467 1755 giustiziere,
1487 1712 1667 1747 carnefice
1685 1738 1714 1755 ,.

238 1791 281 1796 -
333 1772 429 1807 645.
455 1784 560 1812 a1:0s;
588 1772 619 1807 si
645 1770 725 1806 noti
753 1771 819 1805 che
845 1783 884 1806 vo
910 1772 930 1805 e
955 1771 1072 1814 grafia
1097 1770 1243 1804 arcaica
1271 1770 1337 1804 che
1363 1770 1401 1804 fa
1426 1770 1461 1805 le
1487 1770 1568 1805 veci
1594 1770 1633 1805 di
1658 1783 1713 1805 vu.

242 1849 278 1854 —
321 1830 416 1865 648.
431 1832 696 1875 praeoptcwisli
713 1829 1009 1874 (quadrisillabo,
1027 1829 1090 1863 cfr.
1107 1828 1246 1862 Introd.
1266 1828 1370 1872 Caph.
1388 1827 1463 1870 XL)
1479 1841 1525 1855 =
1542 1829 1714 1870 maluisti,

238 1889 403 1924 soltanto
429 1889 468 1923 in
495 1891 626 1932 questo
649 1888 759 1931 luogo
775 1890 794 1922 e
810 1888 989 1923 costruito
1009 1899 1076 1922 con
1101 1892 1159 1921 ut:
1178 1886 1322 1921 altrove
1339 1897 1451 1930 regge
1471 1898 1616 1931 sempre
1634 1886 1714 1921 l'in·

238 1947 355 1983 finito.
382 1967 427 1971 —
454 1959 609 1981 amorem
640 1944 652 1958 “
675 1947 712 1980 la
738 1946 817 1980 vita
843 1945 943 1989 degli
970 1945 1087 1980 amori
1109 1971 1138 1987 „.
1163 1965 1208 1969 —
1259 1943 1354 1979 649.
1380 1946 1442 1979 hoc
1465 1946 1560 1987 facto
1581 1942 1594 1957 '⁴
1617 1944 1715 1979 colla.

237 2006 415 2040 condotta
440 2005 507 2040 che
535 2004 620 2039 vuoi
646 2005 795 2039 serbare
823 2004 924 2038 nella
949 2005 1123 2047 presente
1150 2002 1377 2037 circostanza
1399 2015 1439 2045 „z
1477 2002 1541 2037 cfr.
1570 2014 1606 2037 n.
1635 2003 1712 2037 129.

237 2082 280 2086 -
310 2063 406 2097 650.
432 2065 494 2104 sis,
521 2063 584 2097 cfr.
611 2075 646 2097 11.
673 2063 753 2097 244.
781 2082 825 2086 —-
868 2061 952 2095 651.
971 2073 1117 2105 operam
1146 2059 1158 2073 ‘⁴
1180 2072 1358 2102 soccorso,
1377 2060 1480 2095 aiuto
1502 2087 1530 2103 „.
1557 2081 1601 2086 -
1626 2073 1670 2095 ne
1694 2062 1714 2096 e

1749 0 1818 246 1

237 2122 441 2167 proibitivo
468 2122 513 2156 ed
532 2121 705 2165 equivale
724 2132 745 2154 a
764 2133 806 2154 ne
824 2123 975 2154 dederis.
991 2139 1034 2143 —
1073 2118 1167 2153 652.
1195 2121 1321 2153 denisce
1338 2131 1383 2145 =
1399 2121 1510 2161 enixe,
1529 2119 1714 2162 Placidus,
1764 2142 1807 2161 ⁷„

239 2180 368 2218 Gloss.,
395 2192 430 2225 p.
455 2180 536 2214 452.
562 2197 608 2202 —
647 2178 742 2212 653.
769 2180 840 2222 qni,
868 2178 931 2212 cfr.
957 2190 992 2212 n.
1021 2178 1075 2212 14.
1102 2198 1146 2202 —
1197 2177 1291 2211 655.
1319 2179 1392 2212 vel:
1423 2175 1435 2189 ²
1457 2178 1503 2212 ed
1520 2178 1649 2219 anche,
1674 2187 1714 2212 se

236 2241 279 2274 tu
305 2238 451 2279 volessi‚
477 2238 599 2283 potrei
624 2238 799 2273 metterlo
825 2237 865 2271 in
892 2239 995 2272 carta
1025 2234 1284 2280 (exst'ynavero)
1304 2263 1333 2279 ‚.
1366 2256 1411 2261 --
1508 2235 1602 2270 656.
1630 2241 1669 2270 ut
1693 2237 1713 2272 ὸ

238 2297 474 2332 concessivo:
505 2294 518 2308 “
541 2296 702 2331 sebbene
727 2322 754 2338 „.
782 2313 824 2318 —
851 2297 965 2329 metim
981 2307 1197 2329 =meorum
1224 2312 1265 2317 —
1326 2293 1421 2328 657.
1447 2299 1486 2328 ut
1502 2307 1548 2321 =
1564 2295 1713 2337 qualem,

238 2355 301 2390 cfr.
328 2367 363 2389 11.
390 2355 446 2389 46.
480 2372 522 2377 -—
562 2356 694 2388 scibam
720 2355 739 2389 e
766 2354 926 2389 formato
965 2353 1047 2387 sull'
1063 2352 1239 2396 analogia
1262 2351 1300 2386 di
1325 2354 1420 2386 ibam
1446 2363 1465 2386 e
1491 2353 1642 2396 quibam.
1669 2371 1712 2377 —-

238 2412 335 2448 658.
361 2418 477 2456 aptus,
504 2413 560 2447 col
586 2412 760 2456 palimps.
787 2411 1035 2453 ambrosiano,
1066 2408 1078 2423 “
1103 2422 1283 2445 conexum
1301 2412 1339 2445 et
1355 2410 1574 2454 colligatum
1599 2409 1714 2454 signi-

236 2471 325 2505 ficat
341 2498 355 2513 „
372 2468 505 2512 Nonio,
520 2483 554 2515 p.
569 2471 649 2505 234.
672 2468 685 2482 ⁴‘
709 2470 1029 2515 Comprehendere
1049 2469 1194 2513 antiqui
1213 2468 1361 2503 vinculo
1380 2480 1486 2512 apere
1502 2468 1678 2503 dicebant
1694 2495 1708 2510 ‚

236 2529 350 2565 Paolo
375 2529 478 2563 Diac.
507 2529 561 2570 18,
590 2529 642 2563 19.
669 2547 715 2551 —
739 2530 908 2571 fraudem
925 2541 970 2555 =
988 2530 1139 2571 culpam.
1158 2545 1203 2550 —
1253 2526 1348 2561 659.
1366 2532 1398 2561 et
1415 2528 1434 2561 e
1452 2528 1550 2561 stato
1568 2528 1712 2561 mutato

238 2587 299 2626 dal
326 2587 409 2626 Briz
434 2587 473 2626 in
499 2589 569 2629 sed,
596 2598 705 2625 senza
730 2589 818 2634 pero
857 2586 963 2623 alcun
1004 2586 1143 2625 motivo
1175 2585 1349 2627 evidente
1375 2584 1412 2625 di
1438 2584 1515 2624 tale
1540 2584 1713 2625 emenda-
