1818 2973
68 0 106 38 ’ἰ

541 44 568 61 ἰ»
651 59 720 66 ..A

597 127 817 156 'raimms
838 131 890 163 ιιι,
911 117 944 163 2,
967 119 1012 155 80
1024 142 1043 147 -
1057 116 1103 155 90
1539 118 1585 156 93

115 210 188 251 ιε.
215 204 319 259 Quid
349 211 420 251 tibi
451 209 732 262 interpelletio
750 214 825 251 aut
853 212 895 251 in
922 210 1139 252 consilium
1166 211 1253 252 huc
1281 209 1530 252 accessiost?

114 288 183 327 S'r.
210 285 362 327 Eodem
392 289 515 337 pacto
542 297 624 337 quo
653 283 738 326 kuic
765 286 924 327 accessi
943 283 1195 327 abscessero.
1250 288 1323 326 LE.
1353 289 1370 326 I
1399 287 1481 327 hac
1501 298 1584 327 me-

475 371 479 374 ·
1143 354 1239 399 oiim
1269 359 1449 406 domum,
1505 361 1582 398 710

218 428 442 474 Li’isiteles:
472 433 526 473 ihi
556 432 607 472 de
635 430 725 472 istis
752 433 879 473 rebus
907 429 1027 483 pli'ira
1058 431 1350 473 fabuleihimur.
1523 463 1556 486 ⁸⁵

113 509 189 549 Lv.
217 504 331 548 Nihil
351 520 428 559 ego
447 509 489 547 in
509 507 672 549 occulto
692 506 820 559 egere
839 509 972 548 soleo:
991 506 1109 549 meus
1130 509 1175 547 ut
1194 509 1376 548 animust
1395 506 1580 559 eloquar:

218 579 260 623 Si
288 583 392 623 mihi
412 587 484 623 tua
504 582 633 631 soror,
655 586 701 623 ut
720 594 796 634 ego
815 593 991 633 aequom
1007 581 1168 632 censeo,
1185 584 1241 624 ita
1258 580 1433 635 miptum
1454 584 1580 623 datur

217 654 315 699 Sine
343 659 448 706 dote,
477 669 614 709 neque
641 661 687 697 tu
717 653 817 698 hinc
843 658 1060 705 abituru's,
1104 657 1210 709 quod
1253 670 1392 699 meum
1429 658 1511 699 erit
1539 658 1579 697 id

1330 726 1412 771 erit
1442 733 1580 771 tuom:

214 800 285 845 Sin
313 805 438 845 aliter
465 803 674 846 animetus
701 816 757 853 eS,
786 806 892 845 bene
919 803 1026 856 quod
1048 816 1147 856 agas
1166 804 1336 846 eueniet
1355 805 1446 845 tibi:
1502 806 1580 845 715

213 869 299 928 Ego
325 877 487 918 amicus
526 876 755 928 numquem
797 878 869 917 tibi
913 889 986 918 ero
1028 879 1111 918 alio
1153 877 1295 929 peleto:
1328 879 1388 918 sio
1415 876 1582 918 senten-

1348 950 1459 989 tiast.
1515 979 1548 1002 ⁹0

108 1041 267 1077 biasimo
293 1041 350 1076 col
374 1041 500 1076 batter
524 1040 584 1076 dei
609 1041 722 1085 piedi,
749 1053 815 1076 con
841 1041 956 1083 fischi‚
983 1041 1055 1076 urli
1082 1042 1127 1077 ed
1145 1041 1276 1076 insulti
1293 1040 1371 1082 (cfr.
1391 1041 1465 1077 Cic.
1484 1044 1578 1077 orat.

111 1100 190 1141 173,
216 1099 347 1134 Parad.
374 1099 406 1140 3,
433 1099 463 1140 2,
490 1110 556 1143 pro
583 1099 714 1134 Roscio
741 1111 834 1134 com.
862 1098 914 1142 11,
941 1099 1016 1143 30);
1042 1112 1103 1134 ma
1128 1100 1166 1134 in
1192 1112 1241 1134 un
1267 1099 1420 1143 periodo
1439 1100 1504 1144 pisi
1523 1111 1578 1134 ar·

107 1157 221 1198 caico,
246 1157 394 1200 quando
421 1157 433 1190 i
458 1157 587 1200 poveri
613 1157 727 1192 atteri
753 1168 865 1191 erano
891 1158 1106 1193 nient'altro
1133 1158 1199 1192 che
1219 1157 1369 1198 sehiavi‚
1388 1157 1417 1192 li
1435 1169 1592 1202 correg-·

105 1225 202 1259 geva
226 1225 247 1249 ο
272 1225 343 1258 pur
366 1213 394 1248 li
418 1213 548 1248 faceva
574 1225 801 1257 correggere‚
828 1214 864 1248 al
889 1226 957 1258 par
981 1215 1019 1248 di
1045 1215 1180 1258 questi,
1205 1215 1393 1250 dall'edile
1413 1227 1433 1250 o
1459 1216 1576 1250 anche

105 1272 167 1307 dal
193 1271 428 1316 capocomico
454 1272 631 1312 (dominus
654 1271 783 1315 yreyis)
810 1272 868 1307 col
893 1284 1014 1307 mezzo
1040 1272 1140 1307 della
1172 1273 1303 1314 frusta,
1329 1273 1384 1307 sia
1410 1274 1476 1308 che
1503 1273 1577 1308 essi

104 1329 324 1365 recitassem
349 1329 447 1364 male
472 1329 510 1364 la
534 1330 613 1365 loro
630 1332 749 1373 parte,
767 1329 823 1364 sia
841 1330 907 1364 che
927 1331 1151 1365 arrivassero
1177 1330 1216 1364 in
1243 1330 1383 1365 ritardo
1401 1330 1476 1365 alla
1493 1342 1577 1375 rap-

104 1387 408 1432 presentazione;
435 1387 498 1422 cfr.
524 1388 602 1429 989,
629 1388 667 1422 la.
691 1387 928 1423 conclusione
954 1388 1053 1423 della
1080 1388 1378 1423 Cistellaria:
1403 1390 1464 1433 qui
1492 1391 1576 1423 deli-

104 1449 180 1490 quit
204 1447 396 1490 vapulabit,
422 1449 482 1490 qui
506 1457 577 1479 non
602 1447 748 1490 deliquit
774 1447 870 1486 bibet,
898 1457 916 1480 e
942 1446 1044 1480 Asin.
1065 1447 1153 1480 946:
1182 1448 1320 1480 nuncsi
1338 1448 1438 1480 voltis
1456 1448 1575 1490 (lepre-

104 1507 184 1538 cari
207 1505 290 1538 huic
313 1506 390 1538 seni
414 1516 457 1537 ne
482 1504 632 1547 vapulet.
650 1520 694 1526 —-
777 1503 872 1537 709.
897 1505 992 1547 quid.
1014 1504 1217 1539 Lesbonico
1243 1504 1446 1539 intendeva
1471 1505 1575 1539 dire:

104 1573 170 1595 cur
193 1562 400 1605 interpellas
425 1566 526 1605 atque
550 1562 687 1595 accedis
699 1571 709 1604 ;
736 1572 798 1595 ma
823 1560 985 1596 Stasimo
1012 1561 1109 1596 colla
1133 1572 1200 1595 sua
1234 1561 1314 1596 aria
1338 1562 1377 1595 di
1403 1564 1574 1597 saccente

103 1619 313 1663 iuterpreta
330 1621 461 1662 queste
479 1619 607 1663 parole
624 1630 691 1662 per
707 1630 772 1662 quo
790 1620 889 1653 modo
907 1621 1053 1659 accedis,
1074 1630 1092 1654 e
1110 1619 1234 1662 percio
1253 1619 1444 1664 risponde:
1459 1621 1574 1655 eodem

100 1682 205 1719 pacto
231 1679 301 1711 etc.
328 1676 411 1717 cfr.,
437 1687 506 1720 per
530 1688 579 1710 un
605 1676 726 1711 simile
753 1676 859 1720 gioco
886 1677 923 1710 di
949 1676 1088 1720 parole,
1114 1677 1191 1711 Mil.
1219 1677 1250 1714 3,
1277 1677 1309 1719 2,
1338 1677 1404 1720 13;
1422 1677 1485 1711 Pa.
1507 1679 1576 1720 Qui

105 1733 276 1767 libitumst
299 1735 357 1767 illi
380 1735 685 1769 condormiscere?
707 1735 771 1769 Lu.
800 1736 920 1769 Oculis
944 1738 1083 1779 opinor.
1110 1735 1172 1769 Pa.
1191 1737 1272 1770 Non
1298 1741 1329 1769 te
1345 1737 1436 1769 istuc
1450 1738 1573 1778 royito,

104 1791 226 1825 scelus.
253 1808 296 1813 —
321 1791 338 1825 I
362 1792 559 1826 sostautivi
587 1792 729 1827 verbali
756 1803 860 1827 come
889 1794 1129 1836 interpellatio
1155 1805 1174 1827 e
1201 1795 1351 1828 accessio
1376 1796 1509 1829 stanno
1537 1793 1574 1828 di

105 1858 236 1888 mezzo,
255 1850 394 1892 quant-o
421 1860 442 1883 a.
467 1849 688 1892 significato,
705 1852 764 1885 tra
777 1850 830 1894 gli
844 1850 981 1885 infiniti
1010 1851 1151 1885 verbali
1166 1851 1210 1886 ed
1237 1851 1249 1885 i
1275 1852 1422 1892 nomi,e
1448 1851 1573 1895 percio

102 1916 266 1949 reggono
292 1906 329 1940 lo
354 1909 472 1941 stesso
499 1918 582 1942 caso
609 1907 669 1941 dei
696 1908 821 1942 verbi:
852 1920 918 1943 son
946 1909 1016 1943 essi
1043 1909 1264 1952 espress1oni
1294 1909 1391 1943 assai
1420 1910 1573 1945 comode

103 1973 122 1998 e
148 1963 318 2007 semplici
348 1964 448 1998 della
485 1965 633 2008 pai-lata
669 1966 858 2009 popolme,
885 1977 904 2001 e
931 1966 961 2000 si
999 1967 1211 2011 adoperano
1250 1967 1572 2011 frequentemente

101 2020 200 2056 nelle
226 2021 514 2065 interrogazioni
541 2022 634 2057 colle
661 2023 777 2058 forme
805 2023 865 2058 del
892 2036 924 2058 v.
951 2036 1044 2059 esse:
1071 2025 1135 2059 cfr.
1162 2025 1294 2069 Amph.
1324 2027 1354 2066 1,
1375 2025 1406 2067 3,
1426 2025 1466 2060 21
1487 2028 1573 2069 quid

101 2080 165 2112 tibi
181 2080 272 2113 hanc
295 2083 468 2114 curatiost
492 2091 567 2114 rem
592 2086 654 2115 aut
679 2083 864 2115 munitio?
887 2081 988 2117 Asin.
1015 2083 1047 2124 5,
1073 2083 1104 2124 2,
1133 2084 1177 2118 70
1201 2086 1287 2127 quid
1312 2085 1376 2117 tibi
1401 2085 1493 2117 hunc
1519 2095 1572 2117 re—

101 2140 210 2180 ceptio
236 2139 283 2171 ad
307 2142 371 2171 test
397 2150 508 2171 meum
533 2140 680 2172 cirum?
702 2139 786 2173 Aul.
812 2140 844 2182 4,
872 2140 926 2181 10,
965 2142 1009 2175 14
1026 2143 1111 2184 quid
1137 2143 1201 2175 tibi
1225 2154 1337 2175 meam
1375 2153 1427 2175 me
1461 2144 1572 2176 int-ito

100 2197 271 2229 tactiost?
293 2211 337 2217 --
363 2197 612 2238 interpellatio,
640 2195 703 2230 cfr.
729 2196 866 2231 Introd.
894 2197 998 2242 Capt.
1025 2198 1207 2232 XXXVII.
1238 2216 1274 2221 -
1344 2198 1429 2233 710.
1455 2200 1572 2233 eodem

94 2259 201 2297 pacto
217 2267 262 2281 =
272 2255 433 2297 pedibus.
462 2254 475 2287 I
500 2254 653 2289 termini
678 2254 779 2289 della
803 2255 965 2299 risposta
998 2256 1228 2292 dovrebbero
1256 2268 1377 2292 essere
1404 2258 1570 2302 propria-

100 2313 225 2346 mente
250 2311 442 2346 iuver-titi:
468 2314 585 2346 eodem
609 2315 711 2347 modo
735 2324 801 2356 quo
826 2314 1023 2348 abscessero
1041 2316 1107 2348 huc
1124 2318 1264 2349 accessi.
1289 2335 1333 2339 —
1384 2314 1459 2350 711.
1477 2318 1570 2358 ist-is,

98 2371 185 2403 sott.
210 2381 298 2413 quae
322 2371 387 2403 tibi
409 2375 493 2404 sunt
517 2371 627 2404 cordi.
653 2385 698 2390 —
748 2369 834 2404 712.
861 2372 1002 2411 occulto,
1022 2372 1085 2406 cfr.
1104 2372 1243 2406 Introd.
1262 2372 1366 2416 Capt.
1385 2366 1568 2408 XXXVII.

101 2446 139 2452 —
193 2426 278 2461 715.
303 2429 395 2471 quod
418 2439 526 2471 ayas:
552 2427 580 2462 il
606 2428 846 2471 congiuntivo
881 2430 1032 2464 estende
1071 2429 1252 2473 l‘augurio
1279 2441 1301 2465 a
1326 2430 1413 2474 ogni
1439 2442 1525 2467 cosa.
1549 2443 1569 2467 e

96 2495 164 2528 per
188 2485 275 2530 ogni
300 2485 538 2527 circostanza,
571 2485 797 2522 l’indicatico
824 2489 902 2530 ayis
927 2487 958 2521 si
984 2487 1152 2523 riferisce
1177 2488 1307 2523 invece
1334 2489 1380 2523 ad
1407 2501 1456 2524 un
1483 2501 1568 2525 caso

96 2543 282 2586 speciale:
321 2543 384 2578 cfr.
422 2544 505 2579 Ter.
543 2544 690 2579 Phorm.
728 2545 761 2587 3,
788 2545 820 2586 3,
850 2546 892 2580 19
917 2547 957 2579 di
980 2546 1062 2580 bene
1099 2551 1241 2580 vortant
1277 2549 1369 2591 quod
1401 2559 1498 2591 ayas.
1524 2568 1570 2573 —

98 2599 183 2636 716.
207 2604 415 2636 sententiast
443 2602 615 2638 contiene
653 2613 720 2637 ner
756 2605 832 2638 cosi
871 2603 949 2638 dire
991 2603 1291 2640 l'ultimatum
1327 2605 1365 2640 di
1398 2605 1566 2645 Lisitele,

287 2716 389 2731 1¹-—
396 2718 411 2722 -
418 2719 443 2723 -ὴ
460 2720 598 2729 ——u—
604 2725 672 2733 «v-
