1872 2968
759 128 978 155 ramvmmvs
1580 108 1604 150 Ἰ

238 213 440 262 Quoniam
469 206 508 252 01
535 212 605 262 qui
635 222 701 252 me
729 212 863 250 aleret
891 205 948 248 nil
978 210 1100 248 uideo
1128 219 1217 249 esse
1246 205 1407 255 relicui,

239 289 340 329 Dedi
368 283 407 328 ei
435 298 570 327 meam
599 288 780 337 gnatam,
810 280 979 335 quicum
1002 283 1010 335 Ι
1034 286 1216 323 aetatem
1245 277 1399 333 exiget.
1554 283 1604 321 15

240 363 319 404 Sed
348 363 399 403 de
427 361 675 413 ‘argumento
703 372 756 401 ne
783 359 1036 410 exspectetis
1064 358 1252 399 13111113οε

241 436 370 479 Senes
397 439 466 488 qui
495 437 580 477 huc
608 436 789 483 uenient,
819 431 833 473 i
861 446 951 474 rem
979 435 1096 474 uobis
1123 433 1328 484 &perient

137 571 196 607 14.
221 574 398 616 quoniam,
424 570 590 605 derivato
617 569 663 603 (13
689 580 788 612 quom
814 570 898 607 iam,
924 577 1101 602 conserva
1127 578 1262 602 ancora
1286 566 1326 600 in
1344 567 1475 610 questo
1492 565 1604 610 luogo

138 631 165 665 il
191 641 255 664 suo
282 627 482 672 originario
520 627 729 670 significato
767 626 974 669 temporale
1005 625 1042 659 di
1072 624 1085 636 “
1108 636 1173 660 ora
1199 625 1264 659 che
1287 652 1315 666 „
1342 625 1370 658 il
1395 624 1505 668 quale
1531 627 1604 658 tra·

139 698 245 732 spate
271 687 343 721 alle
372 687 471 721 volte
509 696 645 719 ancora
670 685 717 718 (13
742 684 866 728 quelle
905 683 1139 727 espressioni,
1173 684 1265 717 dove
1291 684 1340 717 ha
1364 683 1426 725 gie
1453 686 1604 717 assunto

139 745 264 780 valore
291 743 502 778 causativo:
528 743 592 778 cfr.
620 743 697 783 112,
726 743 803 776 149.
831 759 873 764 -—
900 748 960 785 qui
977 743 996 776 0
1014 741 1167 775 l'antica
1185 742 1304 776 forma
1323 741 1526 776 d'ablativo
1545 740 1605 775 del

138 813 316 847 pronome
341 801 499 836 relativo
525 803 585 844 qm·
610 812 629 835 e
654 800 1014 843 dell'interrogativo
1040 802 1130 843 quis,
1145 798 1181 833 la
1201 799 1311 842 quale.
1330 800 1358 833 si
1374 799 1536 843 adopera
1553 798 1608 832 in-

138 860 459 895 differentemente
484 870 552 903 per
575 859 667 893 tutti
693 858 705 892 1
730 858 859 902 generi
887 870 904 892 0
932 869 997 901 per
1023 858 1113 892 tutti
1131 858 1142 891 i
1159 858 1326 898 numeri3
1353 858 1415 891 nel
1442 869 1474 891 v,
1494 857 1606 891 15111-

137 919 226 953 fatti
252 929 270 953 e
296 918 335 952 in
362 917 473 952 Stich.
498 919 532 960 4,
562 918 591 957 1,
617 917 662 951 42
693 919 833 960 quicum
859 918 917 950 sta
942 927 1009 959 per
1046 927 1204 959 quacum,
1234 916 1273 949 in
1312 915 1417 958 Capt.
1456 916 1488 956 5,
1525 916 1558 955 4,
1584 915 1606 950 6

137 980 277 1021 quicum
302 975 537 1019 con-isponde
564 986 586 1008 a
610 976 824 1018 quibuscum.
852 974 1002 1008 Altrove
1029 977 1089 1017 qui
1106 974 1136 1007 si
1153 976 1261 1008 trova
1279 974 1481 1018 adoperato
1507 972 1606 1007 110110

138 1033 426 1077 interrogazioni
460 1033 639 1067 indii-ette
677 1033 753 1071 (cfr.
779 1045 811 1066 v.
841 1032 906 1066 163
932 1043 950 1066 e
979 1032 1109 1066 Bacch.
1136 1033 1168 1073 5,
1195 1032 1226 1072 2,
1254 1031 1312 1073 38)
1339 1043 1358 1066 0
1384 1042 1476 1075 pure
1502 1041 1607 1066 come

141 1091 304 1127 ablativo
331 1091 390 1125 del
415 1102 591 1134 pronome
617 1090 811 1125 indefinito
836 1089 913 1131 (cfr.
941 1092 1034 1133 siqui
1050 1103 1096 1116 =
1121 1090 1227 1130 εῐπως
1248 1090 1324 1131 120,
1343 1102 1411 1124 neu
1427 1092 1488 1134 qui
1506 1090 1608 1130 1145,

139 1161 182 1183 ne
205 1152 266 1193 qua·
291 1148 395 1192 Capt.
421 1148 453 1188 3,
479 1149 510 1188 5,
538 1148 610 1188 80).
638 1168 682 1171 —
710 1150 840 1181 video...
867 1149 998 1181 aleret:
1025 1148 1268 1192 l’imperfetto
1288 1148 1348 1182 del
1367 1147 1606 1191 congiuntivo

138 1207 158 1240 0
184 1206 249 1250 qui
273 1218 392 1241 messo
419 1206 457 1240 in
483 1206 714 1250 dipendenza
740 1206 801 1239 dal
826 1208 999 1250 presente
1017 1206 1152 1240 storico
1170 1209 1276 1246 rideo,
1296 1207 1362 1240 che
1380 1206 1429 1240 113
1447 1205 1609 1240 virtual—

139 1265 264 1299 mente
289 1264 316 1298 il
342 1264 468 1298 valore
495 1263 533 1297 di
560 1266 642 1297 vidi.
671 1263 742 1298 Cfr.
770 1264 901 1298 Bacch.
928 1264 961 1303 2,
987 1264 1018 1305 3,
1046 1264 1089 1298 56
1116 1264 1282 1307 quoniam
1311 1266 1422 1298 sentio
1446 1275 1609 1308 quaeres

137 1328 322 1366 yereretur
345 1335 468 1356 navem
493 1323 660 1365 extemplo
687 1325 897 1362 staminia-33
926 1322 1019 1362 Ter„
1046 1322 1151 1356 Adel.
1179 1322 1210 1362 3,
1237 1323 1268 1364 3,
1298 1323 1337 1356 11
1366 1334 1500 1356 omnem
1534 1334 1609 1355 rem

139 1382 240 1415 modo
263 1383 340 1415 seni
363 1392 429 1424 quo
447 1387 553 1424 pacto
570 1382 710 1414 haberet
728 1392 942 1414 enarramus
959 1382 1095 1414 ordine.
1114 1397 1157 1402 -
1171 1382 1299 1414 relicui
1317 1394 1358 1407 =
1378 1381 1518 1423 reliqui.
1535 1380 1609 1414 Ab·

141 1438 264 1474 11131110
290 1440 475 1473 accettata
501 1439 538 1472 13
562 1439 677 1481 grafia
703 1439 762 1472 del
790 1438 1017 1479 Fleckeisen,
1045 1438 1179 1482 perche
1198 1450 1279 1473 essa
1297 1449 1402 1473 serve
1421 1449 1442 1472 3
1459 1448 1608 1482 rappre-

139 1499 286 1531 sentare
312 1508 380 1531 0011
405 1496 522 1531 molta.
548 1496 744 1537 chiarezza,
760 1497 825 1531 che
852 1497 889 1530 13
916 1508 1003 1531 voce
1030 1498 1188 1540 reliquus
1214 1498 1232 1531 e
1259 1507 1404 1540 sempre
1429 1499 1537 1531 usata
1561 1496 1610 1531 da

137 1554 271 1589 Plauto
302 1565 403 1589 come
434 1554 714 1598 quadrisillaba.
751 1554 822 1589 Cfr.
860 1555 962 1589 Asin.
1003 1555 1084 1596 231,
1124 1555 1204 1595 439,
1246 1555 1378 1589 Bacch.
1421 1555 1523 1589 1090.
1564 1573 1608 1579 —

139 1611 197 1646 15.
223 1614 337 1646 dedi...
363 1615 489 1655 exiyat.
518 1613 593 1648 Puo
620 1624 731 1657 parer
749 1616 885 1653 strano,
901 1625 921 1647 3
936 1614 1058 1657 prima
1077 1613 1182 1652 vista,
1204 1616 1335 1657 questo
1354 1615 1529 1657 presente
1548 1612 1609 1647 del

139 1681 255 1714 cong.¹
269 1671 336 1705 che
362 1672 381 1705 0
407 1682 527 1706 messo
553 1671 592 1705 in
617 1671 849 1715 dipendenza
867 1672 913 1705 da
931 1684 979 1706 un
999 1672 1160 1715 perfetto
1180 1672 1300 1716 logico
1317 1685 1323 1705 :
1343 1683 1403 1705 ma
1421 1671 1458 1705 fa
1475 1671 1608 1715 d’uopo

138 1730 269 1762 notare
287 1728 352 1762 che
378 1728 407 1762 il
430 1732 603 1772 presente
630 1730 664 1762 vi
691 1732 709 1764 e
736 1730 938 1773 adopemto
964 1741 1031 1773 per
1057 1730 1221 1764 indicare
1242 1729 1432 1765 un'azione
1450 1729 1516 1763 che
1535 1739 1609 1764 non

141 1785 160 1819 0
186 1795 321 1819 ancora
346 1785 535 1829 compiuta
560 1798 592 1829 o,
618 1787 767 1829 meglio,
795 1788 859 1821 che
886 1788 978 1821 dura
1003 1799 1148 1822 ancora.
1177 1788 1246 1821 cfr.
1262 1788 1396 1831 Amph.
1423 1787 1489 1822 195
1516 1799 1568 1821 me
1586 1799 1609 1821 a

138 1847 246 1886 portu
263 1845 456 1886 praemisit
480 1846 632 1884 domum,
658 1850 694 1878 ut
718 1846 801 1878 haec
826 1849 1004 1885 mmtiem;
1032 1846 1164 1879 Pseud.
1196 1846 1262 1880 795
1304 1847 1416 1880 Orcus
1452 1847 1610 1889 recipere

138 1901 186 1934 ad
210 1911 246 1934 se
268 1901 361 1934 hunc
377 1903 500 1940 noluit,
520 1907 558 1934 ut
574 1907 661 1936 esset
685 1904 741 1936 hic
765 1906 826 1946 qni
853 1905 1002 1937 mortuis
1019 1915 1138 1937 cenam
1164 1909 1308 1947 coquat3
1335 1902 1443 1947 Epid.
1469 1903 1501 1945 3,
1527 1905 1560 1945 4,
1587 1904 1608 1939 8

137 1968 208 1991 non
224 1960 427 2002 repperisti,
446 1960 659 1999 adulescens,
678 1962 911 2004 tranquillum
942 1963 1053 1995 Iocum
1085 1962 1143 1995 ubi
1170 1967 1250 1995 tuas
1272 1964 1420 1996 virtutes
1439 1963 1610 2005 explic-&3

138 2015 190 2049 Ib.
215 2016 247 2056 4,
274 2016 305 2057 2,
335 2017 350 2050 l
378 2019 464 2060 quid
487 2022 536 2051 est
555 2023 664 2060 pater
688 2020 779 2061 quod
805 2030 855 2052 me
880 2021 1040 2052 excivisti
1064 2025 1144 2053 ante
1170 2021 1301 2054 aedis...
1329 2025 1366 2053 ut
1391 2021 1540 2054 videas?
1562 2039 1608 2044 —-

138 2075 303 2117 qui-cum.
330 2074 432 2118 Dopo
459 2079 591 2118 questa
623 2076 752 2119 parola
777 2076 810 2111 ci
837 2078 855 2111 e
881 2077 940 2111 nel
979 2088 1081 2111 verso
1109 2090 1157 2111 un
1184 2078 1271 2119 iato,
1298 2078 1326 2112 il
1352 2079 1462 2122 quale
1502 2078 1607 2113 viene

137 2131 177 2165 in
202 2133 332 2175 questo
356 2132 467 2176 luogo
494 2144 516 2167 a
541 2134 748 2168 coincidere
775 2135 868 2169 colla
896 2147 1024 2170 cesum.
1041 2135 1342 2171 semisettenaria
1361 2137 1421 2171 del
1437 2136 1607 2171 trimetro

135 2189 333 2233 giambico.
352 2191 382 2224 11
405 2190 493 2226 Brix
519 2202 538 2225 e
564 2191 590 2225 il
610 2191 773 2236 Wagner
789 2193 1025 2237 aggiungono
1044 2205 1110 2238 per
1127 2195 1296 2234 evitarlo,
1316 2195 1435 2229 dietro
1452 2194 1530 2229 l'es.
1547 2193 1608 2229 del

137 2247 318 2283 Vollbehr
343 2259 362 2283 e
388 2249 448 2283 del
473 2248 627 2290 Ritschl,
654 2250 872 2293 l'aggettivo
898 2263 970 2285 una
996 2252 1092 2296 dopo
1118 2255 1257 2296 quicum
1284 2253 1360 2291 (cfr.
1395 2252 1500 2296 Capt.
1538 2253 1608 2288 720

137 2308 277 2350 quicum
301 2318 373 2340 una
399 2300 420 2341 α’
442 2318 556 2351 puero
581 2313 726 2342 aetatem
752 2308 957 2352 exeqeram),
977 2310 1004 2343 il
1023 2311 1237 2345 Fleckeisen
1259 2311 1400 2352 iux-ece,
1417 2311 1606 2356 seguendo

138 2363 176 2398 13.
201 2367 421 2409 congettura
445 2366 543 2400 assai
570 2377 675 2401 meno
701 2367 808 2401 felice
828 2367 888 2402 del
914 2367 1110 2409 Fritzsche,
1128 2372 1232 2403 muta
1258 2375 1403 2404 aetatem
1420 2369 1459 2404 in
1477 2375 1607 2414 eyesta-

137 2426 215 2457 tem.
239 2422 271 2457 11
297 2421 410 2459 Goetz
435 2435 454 2458 e
479 2423 508 2458 il
534 2423 633 2468 Gray
648 2425 797 2460 evitano
824 2425 938 2466 11310,
967 2427 1176 2462 scandendo
1203 2427 1242 2462 in
1267 2428 1376 2464 modo
1394 2439 1485 2472 poco
1504 2439 1607 2465 vero·

136 2485 282 2522 simile:
308 2469 418 2522 ηιὲἇηι
440 2487 595 2531 φιᾶιᾶηι
621 2508 665 2512 -
692 2487 749 2522 16.
775 2490 835 2523 sed
859 2500 961 2524 serve
989 2502 1011 2524 3
1044 2490 1314 2535 interrompere
1347 2491 1605 2536 l'esposizione

136 2543 223 2579 dell'
225 2548 442 2589 argomento
467 2546 531 2591 gia
555 2547 789 2582 cominciata.
816 2567 861 2573 —-
910 2547 966 2582 17.
993 2561 1111 2583 senes:
1140 2549 1379 2593 Megaronide
1405 2561 1423 2585 e
1451 2549 1604 2586 Callicle

136 2612 361 2648 espongono,
385 2604 487 2640 nella
511 2605 633 2649 prima
658 2617 779 2648 scena,
805 2606 832 2640 il
858 2610 1059 2642 eontenuto
1086 2607 1185 2642 della
1204 2609 1421 2646 commedia.
1440 2620 1524 2645 cosa
1537 2609 1605 2645 0110
