1818 2973
217 45 279 64 h.-
589 41 602 59 A*
1064 46 1110 56 ι-.

578 126 798 154 τιιιΝνΜΜνε
820 126 870 159 xv.
892 117 926 158 2,
950 115 1108 152 81-100
1511 115 1576 152 117

209 210 288 251 Sed
315 209 386 251 ubi
413 207 669 251 absinthifim
697 208 745 250 fit
771 211 898 260 atque
926 202 1066 249 cunila
1092 204 1339 259 gallinecea.
1435 237 1469 260 „0
1497 210 1577 249 935

104 287 179 327 GH.
206 281 390 326 Nimium
418 285 669 337 graphicum
698 284 814 325 huno
840 280 1100 336 migatorem.
1154 280 1227 323 sed
1255 293 1333 334 ego
1361 293 1453 322 sum
1482 283 1576 323 insi·

1380 348 1573 403 pientior,

209 431 285 478 Qui
312 428 477 482 egomet
505 429 615 469 unde
642 425 813 469 redeam
841 427 956 468 hunc
984 427 1175 479 rogitem,
1205 438 1312 478 quae
1341 424 1419 479 ego
1446 427 1575 467 sciam

1157 499 1284 548 atque
1301 496 1372 537 hic
1391 493 1574 537 nesciat:

206 569 295 614 Nisi
323 574 420 625 quia
449 573 564 614 lubet
591 569 779 623 experiri
807 583 890 623 quo
916 569 1141 612 euasurust
1169 569 1363 623 denique.
1510 601 1545 625 ⁹³

208 646 286 690 Sed
315 649 412 700 quid
441 649 532 689 ais?
560 659 641 699 quo
668 647 765 688 inde
791 643 858 687 isti
888 649 1044 698 porro?
1100 650 1168 687 Sv.
1197 648 1238 687 Si
1268 646 1456 688 {inimum
1493 647 1572 687 ad-

1102 720 1256 764 uorum,
1286 714 1483 768 eloquar:
1514 747 1548 770 ,7

205 777 270 833 'Ad
294 762 425 844 'caput
452 792 586 833 amnis
610 790 718 843 quod
738 799 761 831 e
780 792 897 832 caelo
925 790 1117 832 exoritur
1136 793 1212 832 sub
1231 792 1333 833 solio
1353 794 1474 833 Iouis.
1495 794 1575 833 940

104 870 178 910 Cn.
208 865 291 908 S1‘1h
319 868 421 909 solio
448 863 585 908 Iouis?
641 869 713 908 Sv.
742 869 802 907 Ita
832 867 935 907 dico.
990 869 1064 908 CH.
1085 870 1116 907 E
1135 866 1282 908 caelo?
1337 870 1409 909 Sv.
1438 870 1574 919 Atque

1174 949 1197 978 e
1227 936 1362 978 medio
1390 937 1571 988 quidem.

103 1015 178 1054 CH.
206 1007 307 1061 Eho,
337 1024 390 1053 an
418 1013 544 1054 etiam
573 1013 614 1052 in
643 1013 805 1053 caelum
834 1011 1083 1052 escendisti?
1151 1014 1223 1053 Sv.
1253 1014 1381 1052 Immo
1409 1011 1572 1053 horiola

1103 1078 1271 1122 aduecti
1299 1093 1442 1122 sumus
1498 1112 1548 1135 ,ω

101 1212 233 1255 questo
258 1211 368 1254 luogo
394 1211 534 1254 quanto
561 1221 583 1244 a
607 1209 791 1253 principio
817 1209 877 1244 del
903 1209 981 1244 942.
1007 1209 1046 1243 L'
1056 1209 1258 1252 Hermann,
1271 1209 1412 1253 invece,
1427 1210 1462 1246 lo
1489 1221 1574 1247 con-

101 1269 273 1304 siderava
297 1279 400 1304 come
437 1280 488 1303 un
523 1267 738 1312 epifonema
762 1267 891 1303 affatio
929 1269 1101 1302 estraneo
1135 1267 1171 1302 al
1220 1278 1338 1309 verso,
1373 1279 1459 1303 cosa
1482 1280 1575 1314 poco

101 1327 294 1371 probabile
319 1338 339 1362 e
365 1327 494 1362 affatio
521 1326 708 1362 contraria
744 1325 874 1361 all'uso
900 1326 1001 1370 degli
1026 1325 1113 1361 altri
1138 1326 1242 1370 poeti
1268 1326 1411 1362 comici.
1437 1327 1467 1362 Il
1492 1339 1576 1372 pro-

103 1384 364 1420 celeusmatico
390 1395 412 1419 a
436 1384 620 1428 principio
645 1384 704 1419 del
730 1384 934 1419 seitenario
960 1384 1122 1420 trocaico
1148 1384 1355 1420 s'incontra
1381 1385 1498 1420 anche
1523 1385 1574 1420 al-

102 1444 230 1483 trove3
255 1442 319 1477 cfr.
338 1442 421 1476 Aul.
439 1443 471 1483 4,
492 1443 522 1483 1,
541 1443 562 1476 9
580 1444 683 1486 quasi
702 1444 840 1486 pueris.
867 1442 945 1476 Mil.
963 1442 994 1483 2,
1015 1443 1046 1483 5,
1063 1443 1106 1476 41
1127 1444 1389 1485 domiciliumst,
1407 1443 1514 1478 Most.
1541 1443 1575 1486 2,

105 1501 136 1541 1,
153 1500 197 1535 37
215 1502 296 1535 cedo
312 1501 434 1541 soleas,
454 1500 565 1535 Mero.
584 1501 616 1543 2,
636 1501 667 1541 3,
686 1500 731 1534 22
749 1511 845 1534 meus
866 1505 983 1543 pater,
1001 1500 1079 1534 Mil.
1098 1501 1130 1543 5,
1148 1501 1194 1536 44
1212 1503 1326 1544 rtzayis
1343 1506 1511 1536 metuant.
1530 1519 1573 1524 —

100 1559 206 1592 etiam
230 1569 334 1593 serve
360 1559 407 1592 ad
433 1558 634 1602 esprimere
659 1558 697 1592 la
721 1568 890 1602 soi-presa
915 1557 953 1592 di
980 1558 1162 1593 Carmide.
1181 1576 1226 1581 —
1251 1564 1324 1593 tus:
1351 1559 1528 1594 l'incenso
1554 1561 1574 1594 e

101 1627 151 1651 un
175 1615 349 1659 prodotto
374 1615 535 1660 speciale
563 1616 812 1656 dell'Arabia;
832 1616 895 1651 cfr.
913 1616 1036 1650 Plinio
1054 1616 1097 1651 N.
1115 1616 1159 1650 H.
1179 1617 1233 1658 12,
1253 1617 1308 1652 51.
1335 1635 1380 1640 —
1428 1617 1525 1652 935.
1543 1617 1575 1652 Il

100 1673 282 1709 sioofante
307 1674 372 1717 qui
397 1673 548 1709 nomina
574 1685 676 1709 come
714 1674 879 1718 prodotti
904 1675 1018 1709 esteri
1045 1685 1063 1709 e
1089 1674 1164 1709 rari
1190 1675 1260 1710 due
1286 1675 1415 1719 piante
1452 1687 1574 1711 comu-

99 1731 264 1774 nissime,
289 1731 482 1768 l'assenzio
509 1744 527 1767 e
554 1732 591 1767 la
616 1732 856 1777 santoreggia
882 1731 1044 1775 (κονίλη).
1063 1733 1185 1768 Plinio
1211 1736 1300 1777 pero
1327 1733 1366 1768 in
1391 1733 1434 1769 N.
1454 1735 1498 1769 H.
1516 1735 1573 1777 27,

99 1790 145 1824 45
169 1790 276 1835 parla.
293 1790 597 1825 dell'absinthium
618 1793 800 1834 ponticum
818 1802 837 1825 e
854 1791 893 1825 in
911 1791 966 1832 20,
988 1792 1054 1826 169
1072 1791 1215 1836 riporta
1231 1791 1269 1826 la
1287 1794 1404 1826 cunila
1431 1804 1451 1827 e
1477 1793 1573 1827 l'ort‘-

97 1860 230 1892 yanum
255 1848 302 1883 ad
326 1847 482 1883 Eraclea
506 1848 669 1893 pontica.
696 1866 741 1872 —-
817 1848 914 1882 936.
940 1854 1157 1893 mcyatorem,
1185 1850 1247 1885 cfr.
1276 1850 1365 1884 1024
1391 1862 1410 1885 e
1438 1851 1516 1886 769.
1542 1851 1572 1886 11

100 1906 243 1941 Ritsehl
268 1906 462 1942 considera
496 1906 659 1942 l'ultima
683 1909 790 1951 parte
816 1907 877 1942 del
904 1919 1008 1942 verso
1035 1919 1138 1942 come
1165 1908 1381 1952 dittografia
1405 1909 1465 1943 del
1493 1910 1572 1945 929.

99 1964 162 1999 Ma
185 1964 223 1999 la
247 1964 344 1999 frase
368 1964 506 2000 ricorre
531 1965 648 2000 anche
674 1965 735 2000 nel
763 1977 794 2000 v.
823 1966 924 2000 1027.
950 1983 995 1988 -
1079 1965 1175 2000 937.
1201 1972 1328 2010 egomet
1353 1967 1573 2011 appartiene

100 2033 122 2057 a
146 2023 298 2057 redeam.
337 2037 380 2042 —
417 2034 504 2066 quae
528 2034 603 2057 non
628 2024 686 2057 sta
712 2034 778 2066 per
802 2025 903 2067 quod,
929 2035 990 2058 rna
1015 2023 1045 2058 si
1072 2023 1238 2059 riferisce
1265 2024 1303 2058 in
1328 2035 1465 2068 genere
1497 2025 1571 2060 alle

99 2079 245 2124 regioni
271 2080 337 2115 che
364 2080 439 2123 egli
464 2092 617 2116 conosce
636 2091 655 2116 e
673 2092 740 2125 per
757 2081 815 2115 cui
834 2081 881 2116 ha
900 2081 1103 2125 viaggiato.
1130 2099 1172 2104 ——
1270 2081 1366 2117 938.
1392 2085 1466 2117 nisi
1489 2085 1574 2126 quia

100 2140 234 2172 ==m⁸si
257 2140 348 2183 quod
376 2136 389 2150 ¹¹
412 2149 450 2173 se
476 2149 550 2173 non
575 2139 642 2173 ohe
664 2151 698 2181 ,ε
725 2141 858 2183 questa
875 2140 1034 2174 seconda
1060 2140 1290 2184 espressione
1317 2141 1517 2176 s'incontra
1534 2141 1574 2176 in

102 2196 234 2231 Plauto
260 2197 423 2231 soltanto
450 2198 506 2231 tre
533 2196 646 2239 volte,
672 2196 778 2240 Capt.
804 2197 836 2239 2,
862 2197 895 2238 3,
921 2198 981 2238 343
1009 2198 1041 2240 3,
1066 2199 1100 2241 4,
1126 2198 1182 2239 88,
1211 2198 1310 2234 Pers.
1336 2199 1370 2239 4,
1396 2200 1428 2240 3,
1456 2198 1574 2233 48.-

100 2253 197 2290 939.
222 2256 308 2299 quid
333 2257 399 2296 ais,
425 2254 488 2289 cfr.
514 2267 549 2289 n.
577 2254 654 2289 193.
692 2271 739 2278 —
773 2257 836 2289 isti
861 2257 919 2290 sta
958 2267 1026 2300 per
1050 2258 1149 2290 iisti:
1174 2268 1286 2300 porro
1315 2259 1370 2291 ire
1398 2254 1412 2269 “
1434 2257 1573 2293 andare

101 2312 208 2356 oltre,
233 2313 434 2357 procedere
458 2312 607 2347 innanzi
629 2339 658 2356 ,.
681 2331 717 2336 —
758 2312 854 2348 940.
881 2315 972 2357 quod
996 2325 1023 2355 e,
1049 2325 1117 2358 per
1141 2316 1233 2358 quod
1257 2317 1298 2349 de
1315 2314 1375 2349 dei
1393 2315 1522 2358 codici,
1541 2315 1574 2351 si

100 2370 265 2406 riferisce
292 2382 313 2406 a
338 2376 445 2415 caput
469 2371 599 2406 inveoe
626 2371 691 2406 che
718 2382 740 2406 a
765 2373 901 2406 amnis:
929 2371 956 2405 il
984 2370 1107 2416 Guyet
1125 2383 1352 2416 correggeva
1368 2376 1431 2417 qui
1446 2375 1488 2409 de
1506 2384 1526 2409 e
1545 2374 1575 2410 il

102 2428 314 2464 Lachmann
331 2431 446 2473 quoad
471 2441 488 2464 e
516 2426 529 2442 ⁸
552 2429 624 2464 fino
651 2429 686 2464 al
712 2432 828 2474 punto
848 2429 886 2465 in
912 2429 971 2464 eui
993 2456 1022 2472 ,.
1047 2446 1094 2453 —
1142 2429 1240 2465 942.
1265 2434 1371 2466 immo
1397 2442 1573 2476 corregge

100 2487 359 2533 l'espressione
385 2490 621 2523 escendimus:
648 2500 722 2524 non
749 2489 785 2523 vi
811 2489 1035 2524 arrivammo
1060 2490 1343 2526 attraversando
1369 2491 1487 2532 Paria,
1513 2503 1575 2527 ma

102 2558 169 2591 per
192 2546 254 2581 via
279 2545 317 2580 di
341 2557 454 2581 mare.
494 2564 536 2569 —
573 2548 713 2581 horiola
746 2547 803 2582 col
836 2547 1031 2591 Saraceno,
1056 2558 1123 2591 per
1148 2550 1288 2584 doriola
1313 2549 1373 2584 dei
1398 2549 1528 2593 codici,
1554 2551 1574 2585 e

101 2616 152 2641 un
176 2604 399 2642 diminutivo
425 2605 651 2643 abbastanza
676 2616 758 2643 raro
785 2605 845 2642 del
870 2607 958 2642 gost,
975 2606 1081 2642 horia
1109 2603 1122 2619 ‘¹
1145 2606 1257 2645 barca
1273 2607 1311 2642 di
1327 2609 1522 2655 pescatore
1542 2635 1573 2654 „
