1872 2968
589 117 807 145 ‘rRvaMvs
830 118 853 148 ι,
876 107 909 146 2,
933 106 1066 143 38-56
1525 105 1568 141 19

205 201 282 251 Qui
312 201 353 241 in
381 197 588 241 columine
615 202 725 239 astat
752 194 932 238 summo:
961 197 994 236 si
1024 197 1064 237 id
1092 207 1174 236 non
1203 193 1364 244 feceris,
1513 198 1565 235 85

207 280 341 327 Atque
369 271 409 316 id
439 278 579 315 tamen
607 274 709 314 mihi
739 270 879 314 lubeat
906 270 1182 323 suspicerier:

208 351 283 399 Qui
315 354 358 389 tu
387 345 426 390 id
455 347 679 401 prohibere
708 346 775 389 me
803 350 918 399 potes
946 358 998 387 ne
1026 344 1242 397 suspicer?
1508 374 1541 397 „0

209 427 289 467 Sed
314 421 425 466 “istuc
452 425 589 476 negoti
619 419 741 474 cupio
768 422 877 462 scire
904 416 1001 472 quid
1031 421 1120 461 siet.

106 504 187 542 ΜΕ.
207 501 348 541 Haben
379 504 423 540 tu
452 500 631 540 amicum
662 500 735 538 aut
763 495 1010 537 remiliarem
1039 493 1289 546 quempiam,

210 576 310 624 Quoi
342 573 485 625 pectus
512 573 675 623 sapiat?
727 573 800 610 CA.
829 565 982 620 Edepol
1013 570 1125 609 haud
1147 568 1282 610 dicem
1303 570 1408 609 dolo.
1517 570 1567 607 90

210 653 314 690 Sunt
342 647 442 699 quos
469 649 553 687 scio
582 657 673 687 esse
702 641 878 685 amicos:
907 647 1004 684 sunt
1032 656 1134 694 quos
1162 641 1371 694 suspicor:

211 726 315 764 Sunt
343 721 519 773 quorum
549 722 714 771 ingenia
743 723 869 770 atque
898 718 1058 759 {mimos
1085 729 1140 759 ne
1168 730 1274 768 queo
1302 717 1486 765 noscere,
1517 747 1550 769 55

208 799 271 838 Ad
299 793 422 838 amici
452 800 616 851 partem
645 807 698 836 an
728 794 779 836 ald
810 795 964 835 inimici
995 792 1251 845 peruenant:

109 912 123 928 ⁸
145 926 193 950 an
218 913 504 949 audacissimum
529 912 671 947 facinus
697 911 904 955 significare
930 910 1101 952 voluerit,
1134 909 1298 945 dubitari
1315 911 1449 954 potest.
1467 909 1572 944 Lam·

111 971 124 985 ⁸
145 972 255 1007 binus
283 971 433 1015 quidem
460 970 654 1005 adnotavit
678 970 809 1004 fecisse
834 969 903 1004 hoc
928 968 1105 1003 Petilium
1131 968 1316 1012 quendam
1343 979 1500 1011 eumque
1526 979 1571 1002 ex

111 1028 124 1042 ⁸
147 1040 189 1065 eo
215 1030 354 1064 dictum
372 1039 450 1064 esse
469 1027 732 1072 Capitolinum,
751 1038 862 1070 quam
888 1026 1052 1061 fabulam
1077 1026 1180 1061 nullo
1206 1026 1355 1060 nomine
1385 1026 1571 1060 firmatam

113 1085 126 1101 ⁸
148 1088 212 1132 qui
237 1087 354 1123 secuti
380 1088 467 1122 sunt
500 1086 661 1121 editores
688 1085 966 1119 commentariis
995 1084 1069 1119 suis
1095 1084 1342 1119 inseruerunt.
1370 1084 1419 1118 At
1443 1095 1571 1118 verum

111 1142 125 1158 ⁸
146 1144 376 1189 Capitolinus
400 1144 476 1184 ille,
494 1142 712 1186 neutiquam
739 1153 760 1176 a
785 1142 980 1185 sacrilegio
1005 1144 1167 1183 notatus,
1194 1142 1335 1176 duobus
1360 1153 1477 1186 paene
1497 1152 1573 1175 sae·

110 1200 123 1215 ‘⁴
145 1202 238 1237 culis
270 1204 354 1246 post
379 1201 469 1236 furti
495 1202 687 1235 accusatus
713 1203 788 1234 est:
816 1200 900 1234 vide
935 1200 1022 1234 Hor.
1049 1200 1123 1234 Sat.
1149 1201 1175 1241 I,
1201 1201 1235 1240 4,
1260 1201 1305 1234 94
1331 1211 1432 1244 seqq.
1459 1202 1570 1243 atque

109 1257 123 1272 '⁶
144 1259 224 1294 eius
249 1259 579 1294 commentatorem
599 1257 872 1301 Crucquianum
890 1283 918 1299 „.
945 1274 989 1279 —-
1038 1256 1104 1291 85.
1130 1259 1190 1300 qui
1215 1259 1234 1292 e
1260 1257 1396 1292 dovuto
1426 1256 1473 1291 ad
1498 1268 1573 1291 una

104 1317 212 1352 felice
239 1316 500 1352 emendazione
526 1315 586 1351 del
612 1315 764 1358 Becker,
790 1327 856 1360 per
881 1315 908 1349 il
934 1317 1024 1358 qnod
1050 1315 1115 1349 che
1142 1315 1171 1350 si
1198 1315 1306 1359 legg-e
1343 1315 1406 1349 nei
1443 1314 1572 1350 codici.

106 1374 267 1421 Sarebbe
293 1375 419 1409 infatti
457 1376 594 1416 strano,
620 1374 686 1408 che
713 1374 744 1409 si
771 1373 915 1408 venisse
941 1374 1092 1417 proprio
1118 1373 1156 1407 in
1182 1376 1313 1417 questo
1339 1374 1449 1417 luogo
1480 1385 1502 1408 a
1526 1373 1572 1407 ri·

107 1432 258 1467 eordare
276 1432 311 1466 ai
329 1432 486 1466 Romani
510 1432 549 1466 in
575 1432 641 1466 che
670 1434 777 1476 posto
802 1431 901 1466 della
920 1431 1012 1466 citta
1030 1431 1060 1465 si
1077 1433 1242 1466 trovasse
1261 1431 1287 1465 il
1303 1431 1572 1475 Campidoglio.

94 1489 145 1524 *Si
170 1489 357 1533 aggiunga
382 1490 448 1524 che
473 1489 501 1524 il
526 1502 558 1524 V.
584 1495 704 1524 astare
729 1489 760 1524 si
785 1489 948 1533 adopera
978 1489 1016 1523 in
1052 1489 1170 1523 latino
1206 1489 1283 1524 solo
1321 1489 1500 1533 parlando
1534 1490 1572 1523 di

104 1556 259 1588 persone
285 1556 306 1579 o
331 1546 369 1579 di
395 1556 476 1580 cose
502 1546 774 1588 personificate.
793 1545 822 1579 Il
839 1548 953 1589 poeta
970 1556 1133 1579 accenna
1150 1544 1226 1579 alla
1251 1547 1376 1579 statua
1394 1545 1572 1580 colossale

104 1602 142 1637 di
153 1601 268 1637 Giove
280 1602 648 1646 Trionfatore,tirata
661 1603 708 1637 da
722 1605 871 1646 quattro
884 1602 1015 1647 eoppie
1029 1603 1066 1636 di
1081 1602 1215 1637 cavalli
1227 1614 1245 1637 e
1258 1603 1440 1637 collocata
1451 1603 1505 1637 sul
1518 1614 1573 1637 co·

103 1660 266 1703 mignolo
277 1659 458 1702 (commen,
475 1672 578 1695 come
600 1661 680 1695 dice
695 1661 838 1701 Plauto,
852 1672 918 1704 per
930 1663 1074 1701 culmen,
1087 1661 1150 1695 cfr.
1167 1661 1246 1695 Cas.
1258 1661 1336 1701 535,
1350 1661 1571 1704 Amph.367)

104 1717 169 1760 piu
194 1718 269 1752 alto
295 1718 354 1752 del
380 1721 506 1753 monte
532 1718 755 1762 Capitolino.
773 1734 818 1739 —
836 1719 874 1753 Si
892 1719 970 1753 noti
995 1719 1185 1753 l'enfatica
1209 1718 1427 1762 ripetizione
1446 1718 1573 1753 dell'id

105 1775 211 1809 tanto
236 1775 276 1808 in
301 1778 432 1819 questo
460 1786 563 1810 verso
589 1778 728 1819 quanto
746 1776 785 1810 in
803 1776 921 1820 quelli
946 1777 1012 1811 ohe
1033 1787 1206 1819 seguono.
1226 1791 1266 1795 ·-
1317 1775 1384 1810 87.
1409 1783 1470 1820 qui
1497 1774 1511 1788 ‘⁴
1533 1776 1572 1810 in

106 1831 194 1874 qual
208 1832 316 1867 modo
333 1846 367 1875 ‚z
392 1832 453 1867 nel
479 1833 652 1877 palimps.
669 1834 903 1869 ambrosiano
923 1834 953 1868 si
978 1834 1086 1877 legge
1109 1836 1205 1877 quid,
1223 1834 1285 1868 cfr.
1304 1833 1446 1875 Loewe,
1463 1834 1571 1869 Anal.

107 1888 225 1924 Plaut.
253 1890 331 1925 142.
356 1905 400 1910 —
425 1892 464 1925 id
488 1891 648 1934 djpende
674 1892 723 1926 da
747 1895 917 1935 suspicer.
956 1911 999 1916 —
1036 1904 1098 1926 ne:
1125 1892 1152 1926 il
1183 1892 1293 1927 verbo
1328 1893 1516 1936 prohibere
1540 1893 1572 1927 si

105 1948 212 1981 trova
236 1947 413 1982 costruito
438 1959 505 1992 per
530 1949 639 1983 solito
666 1949 727 1983 dai
752 1950 854 1993 poeti
892 1949 1022 1984 comici
1060 1949 1303 1991 eoll'infinito‚
1330 1961 1349 1985 o
1375 1961 1466 1994 pure
1500 1950 1572 1985 col-

103 2004 341 2040 l'accusativo
368 2016 387 2040 e
412 2005 604 2049 l’infinito;
630 2006 707 2041 solo
733 2007 771 2041 in
797 2010 928 2050 questo
955 2007 1065 2051 luogo
1090 2007 1234 2049 Plauto,
1262 2019 1280 2042 e
1307 2007 1388 2043 Ter.
1415 2008 1453 2042 in
1479 2007 1571 2044 Eun.

103 2062 138 2104 4,
165 2063 197 2105 7,
223 2062 279 2106 38,
303 2063 339 2098 lo
365 2064 622 2108 congiungono
649 2065 705 2100 col
731 2077 783 2099 ne.
809 2080 854 2084 —
950 2065 1016 2100 88.
1043 2068 1134 2099 istuc
1167 2069 1282 2108 negoti
1309 2064 1321 2078 ‘¹
1345 2069 1477 2109 questa
1507 2069 1573 2102 tua

105 2121 282 2156 {nocenda
358 2133 379 2156 a
405 2122 462 2156 cui
487 2124 528 2157 tu
553 2122 616 2156 hai
641 2125 856 2163 accennato‚
883 2123 945 2157 cfr.
973 2123 1028 2165 67;
1055 2124 1110 2157 72.
1137 2123 1207 2158 Cfr.
1234 2127 1374 2167 quanto
1400 2124 1476 2158 alla.
1493 2136 1573 2168 pro-

103 2177 210 2213 sodia
233 2178 272 2212 d1
294 2180 386 2213 istuc
410 2179 548 2214 Introd.
574 2180 678 2224 Capt.
704 2180 885 2215 XXXVII.
916 2198 952 2204 —
982 2185 1083 2224 cupio
1108 2185 1199 2215 scire
1226 2183 1244 2216 e
1271 2181 1308 2215 la
1346 2181 1488 2222 lezione
1512 2183 1572 2217 del

103 2235 272 2280 palimps.
298 2237 473 2278 ambros.;
499 2237 553 2280 gli
578 2237 665 2272 altri
692 2238 808 2272 codici
832 2238 956 2273 hanno
981 2241 1073 2273 scire
1097 2241 1210 2282 cupio.
1238 2256 1281 2261 —
1361 2238 1427 2273 90.
1453 2243 1572 2284 sapiat

107 2289 121 2305 ⁸
143 2293 198 2327 sia
221 2294 361 2337 saggi0‚
388 2294 444 2328 sia
468 2305 578 2329 uomo
612 2295 649 2329 di
676 2297 799 2330 mente
832 2307 851 2330 e
886 2295 924 2330 di
962 2307 1070 2331 cuore
1093 2323 1122 2338 ,,.
1161 2311 1202 2316 —
1240 2296 1571 2342 pectus=tppeveq‚

105 2350 169 2385 cfr.
188 2350 319 2386 Bacch.
336 2353 369 2393 4,
386 2353 420 2393 4,
440 2352 496 2386 12.
513 2367 557 2372 -
577 2354 674 2387 haud
690 2354 769 2387 dolo
797 2351 810 2366 ⁸
833 2365 940 2388 senza
958 2353 1133 2397 inganno,
1153 2357 1422 2398 apertamente,
1440 2354 1572 2389 schiet·

104 2410 269 2443 tamenta
290 2435 304 2452 ,,
332 2409 569 2454 corrisponde
596 2421 617 2444 a
641 2412 770 2452 sedulo,
797 2411 863 2445 che
889 2414 947 2445 sta
971 2422 1038 2455 per
1062 2423 1098 2445 se
1123 2411 1229 2452 (sine)
1254 2414 1348 2453 deum
1375 2412 1438 2447 cfr.
1463 2412 1533 2447 480
1551 2423 1570 2447 e

103 2465 200 2501 Men.
226 2467 257 2508 2,
285 2468 315 2509 1,
341 2468 373 2502 3.
399 2487 443 2492 —-
507 2467 564 2502 91.
590 2472 753 2513 suspicor
781 2467 794 2481 ‘⁴
818 2469 1021 2512 immagino
1044 2497 1071 2512 „.
1097 2485 1142 2490 —
1191 2469 1257 2505 92.
1277 2482 1318 2505 ne
1335 2471 1373 2505 fu
1391 2470 1570 2514 aggiunto

101 2523 360 2560 dall'Acidalio
386 2525 534 2561 innanzi
560 2526 595 2561 al
621 2539 715 2571 queo,
741 2527 807 2562 che
834 2528 863 2562 si
890 2528 999 2572 legge
1024 2528 1086 2562 nel
1111 2528 1376 2572 palimpsesto:
1403 2529 1453 2572 gli
1482 2529 1571 2563 altri

105 2581 223 2617 codici
244 2582 368 2619 hauno
392 2584 521 2619 invene
546 2595 617 2619 non
640 2596 787 2629 possum
825 2604 867 2610 —
917 2584 984 2619 93.
1010 2587 1057 2620 ad
1073 2588 1180 2621 amici
1192 2592 1334 2631 partem
1350 2588 1369 2622 e
1387 2587 1570 2631 piuttosto
