1872 2968
619 114 839 141 ‘rnmvmmvs
862 114 885 144 1,
907 103 940 144 2,
963 102 1098 136 24—37
1553 99 1595 134 17

235 201 341 239 Nam
369 209 446 249 ego
473 195 610 238 dedita
638 206 764 246 opera
793 195 878 234 huc
897 192 949 234 ad
969 196 1010 233 te
1030 191 1165 232 uenio.
1220 192 1292 230 CA.
1321 184 1424 238 Quid
1445 190 1595 231 uenis?

132 278 216 316 ΜΕ.
241 268 359 314 Malis
386 276 428 313 te
456 275 503 312 ut
530 271 671 312 uerbis
698 265 839 310 multis
868 269 1044 308 multum
1073 263 1316 317 obiurigem.
1536 293 1569 317 30

131 352 204 390 CA.
232 350 357 389 Men?
412 350 494 388 ΜΕ.
522 343 724 396 Numquis
752 347 814 385 est
841 344 910 384 hic
938 341 1045 384 alius
1074 344 1244 393 praeter
1273 352 1338 381 me
1367 339 1492 391 atque
1528 341 1596 380 te?

131 427 203 465 CA.
231 422 412 464 Nemost.
468 425 550 462 ME.
577 422 680 469 Quid
709 423 753 460 tu
783 419 912 470 igitur
939 417 1094 466 rogitas
1122 420 1218 458 tene
1246 411 1506 466 obiurigem2
1543 416 1597 455 70

236 499 321 538 Nisi
351 494 396 537 tu
426 509 491 537 me
520 496 711 536 mihimet
738 491 882 534 censes
911 488 1123 532 dicturum
1158 493 1279 532 male.

236 576 341 613 Nam
370 573 403 612 si
433 568 475 611 in
505 575 545 611 te
574 571 793 621 aegrotant
820 567 934 608 artes
962 564 1159 617 antiquae
1188 570 1299 614 tuae,

235 651 320 688 Aut
347 643 380 686 si
408 648 624 687 demutant
652 643 787 684 mores
815 639 1027 694 ingenium
1058 646 1183 688 tuom,
1536 670 1570 693 85

234 724 379 773 Neque
406 719 474 761 eos
503 722 694 770 antiquos
721 717 877 765 seruas,
908 721 971 758 ast
1000 717 1142 767 captas
1171 728 1310 764 nouos,

233 792 430 837 Omnibus
456 796 599 836 amicis
628 793 815 834 morbum
845 797 888 833 tu
919 790 1096 833 incuties
1123 804 1309 844 grauem,
1537 791 1590 829 75

131 941 257 975 mente
282 939 322 973 in
346 939 490 978 Plauto,
529 939 757 982 soprattutto
795 936 877 971 coll'
893 936 1123 980 espressione
1161 937 1319 968 animum
1344 936 1487 969 advorte
1496 944 1506 978 ς
1532 934 1595 969 cfr.

133 998 237 1042 Oapt.
264 997 342 1039 326,
367 997 447 1037 477,
473 997 583 1030 Mero.
610 997 674 1031 871
702 997 764 1029 hoc
788 997 932 1038 respice,
969 995 1067 1028 Pers.
1094 994 1160 1028 605
1186 995 1264 1027 iube
1288 995 1350 1027 hoc
1374 994 1525 1027 accedat.
1551 1009 1596 1015 —

133 1056 239 1098 aufer
263 1055 482 1088 ridicularia
511 1051 524 1066 “
546 1053 658 1087 laseia
686 1055 783 1086 stare
809 1052 862 1097 gli
889 1052 1026 1086 selierzi
1048 1079 1075 1093 „‚
1091 1052 1154 1085 cfr.
1181 1051 1262 1085 Aul.
1278 1050 1346 1084 630
1372 1052 1476 1093 aufer
1492 1051 1598 1084 cavil-

131 1113 214 1153 lam,
239 1112 338 1146 Pers.
365 1112 430 1145 797
457 1113 617 1154 iuryizcm
643 1112 724 1143 hinc
750 1113 908 1152 auferas,
936 1110 1016 1144 Ter.
1055 1110 1201 1143 Phorm.
1232 1109 1299 1143 857
1320 1110 1598 1152 pollicitationes

129 1171 245 1213 aufer.
271 1186 314 1191 —
375 1167 440 1202 67.
468 1170 565 1202 venio
594 1170 612 1202 e
640 1169 676 1201 la
703 1167 846 1201 lezione
873 1167 932 1201 del
959 1167 1214 1210 palimpsesto,
1243 1168 1308 1201 che
1333 1166 1398 1201 noi
1423 1166 1595 1201 abbiamo

127 1226 306 1270 preferita
331 1226 542 1260 all'advem‘o
569 1225 670 1268 degli
697 1224 783 1259 altri
811 1224 940 1265 codici,
968 1225 1102 1268 perche
1130 1224 1160 1258 si
1186 1227 1293 1258 trova
1328 1224 1465 1267 meglio
1503 1224 1597 1259 d'ae-

129 1284 238 1319 cordo
264 1284 319 1319 col
345 1285 430 1328 quid
454 1286 560 1325 venis,
587 1283 653 1317 che
681 1282 834 1317 Callicle
861 1282 1076 1326 soggiunge‚
1103 1282 1407 1326 interrompendo
1439 1281 1475 1316 la
1499 1282 1596 1316 fraso

130 1342 196 1377 che
220 1341 460 1385 Megaronide
486 1353 560 1376 non
586 1352 705 1375 aveva
730 1341 826 1375 forse
854 1352 988 1375 ancora
1006 1340 1206 1383 compiuta.
1227 1361 1267 1364 —
1319 1339 1384 1373 68.
1403 1341 1596 1382 ohim-iqem

129 1401 374 1443 =obiur9em.
401 1399 532 1433 Plauto
560 1410 625 1433 usa
649 1399 750 1433 l'una
775 1395 928 1432 accanto
957 1398 1116 1432 all'altra
1142 1397 1175 1431 10
1203 1398 1318 1432 forme
1345 1400 1492 1440 impare
1510 1398 1597 1432 eiu-

131 1458 264 1500 riyare,
286 1468 449 1500 puryccre
474 1467 492 1490 e
514 1459 700 1500 pur-J'yare,
728 1466 794 1499 per
820 1455 1002 1489 influenza
1027 1455 1128 1498 degli
1154 1455 1241 1489 altri
1270 1455 1373 1489 verbi
1399 1454 1597 1489 derivativi

128 1513 168 1548 in
185 1517 309 1558 ·iyare,
324 1526 427 1550 come
453 1517 642 1557 clarifflare,
666 1516 871 1558 ynccriyare‚
897 1516 1086 1557 fmniyare,
1110 1515 1298 1556 fustiyare,
1324 1515 1487 1556 levigare,
1507 1514 1596 1546 miti-

124 1584 222 1615 yare,
246 1574 427 1616 navi-aare,
455 1575 638 1615 remiqure,
667 1575 854 1615 varieyare
881 1584 965 1613 ecc„
993 1572 1004 1606 i
1032 1572 1133 1615 quali
1158 1573 1386 1606 eertamente
1413 1582 1501 1606 sono
1529 1572 1597 1606 for·

128 1630 220 1664 mati
246 1630 508 1674 sull'analogia
534 1631 571 1664 di
597 1634 773 1674 remiqure
799 1631 845 1664 da
873 1643 990 1664 remex
1016 1642 1034 1664 e
1063 1630 1268 1664 fors'anche
1295 1630 1329 1663 di
1352 1633 1540 1673 pec7‘1'9a›·e‚
1559 1640 1597 1664 se

129 1688 149 1722 e
175 1699 260 1723 vero
298 1689 364 1723 che
391 1701 552 1732 purgare
588 1689 716 1723 deriva
752 1689 799 1723 (la
836 1701 965 1732 petrum
994 1700 1011 1723 e
1038 1700 1111 1731 ayo.
1149 1709 1188 1712 —
1227 1690 1374 1721 multum
1400 1690 1418 1722 e
1445 1699 1526 1723 avv.
1552 1703 1597 1710 —

130 1743 186 1779 71.
213 1747 388 1780 mihimet:
413 1746 441 1780 il
466 1747 540 1780 dat.
566 1747 724 1790 dipende
751 1748 798 1780 da
824 1748 1103 1780 maledictarum.
1131 1766 1175 1770 —
1226 1745 1290 1779 72.
1315 1751 1507 1789 aeyrotant,
1529 1746 1596 1781 cfr.

129 1814 161 1836 v.
187 1802 243 1845 30,
272 1800 285 1815 ‘⁶
307 1814 372 1838 son
397 1803 535 1838 ridotte
563 1815 584 1838 a
608 1804 684 1838 mal
702 1805 840 1847 partito
863 1832 890 1846 ,,,
918 1824 961 1828 -
980 1810 1075 1838 artes
1094 1806 1259 1848 antiquae
1281 1802 1293 1816 “
1316 1803 1350 1838 le
1369 1807 1430 1838 tue
1448 1804 1597 1839 antiche

129 1860 248 1895 buone
275 1861 419 1905 qualita
439 1875 478 1904 „;
505 1863 568 1896 cfr.
595 1863 662 1896 295
689 1866 827 1906 antiqui
864 1875 988 1903 mores,
1029 1863 1109 1897 Ter.
1136 1863 1293 1907 Adelph.
1321 1863 1353 1903 3,
1380 1863 1411 1903 3,
1438 1862 1482 1898 88
1508 1874 1599 1897 caves

127 1920 275 1962 antiqua
300 1922 429 1953 virtute
455 1932 496 1954 ac
517 1921 595 1963 fide.
615 1940 658 1944 —
678 1920 781 1964 Dopo
809 1921 846 1954 di
872 1923 1002 1964 questo
1022 1932 1127 1956 verso
1154 1921 1166 1955 i
1194 1933 1276 1956 mss.
1295 1932 1342 1955 ne
1361 1921 1597 1965 aggiungono

128 1987 264 2012 ancora
285 1989 333 2012 un
359 1978 479 2013 altro:

451 2047 516 2082 Sin
541 2047 742 2083 immutare
770 2048 823 2083 vis
848 2049 1042 2092 ingenium
1069 2049 1245 2091 moribus,

125 2116 190 2151 che
216 2116 278 2152 noi
304 2117 476 2152 abbiamo
503 2129 658 2159 omesso,
684 2118 875 2152 d'aceordo
903 2118 999 2162 cogli
1026 2118 1112 2152 altri
1139 2118 1285 2159 editori,
1306 2118 1440 2161 perche
1466 2129 1600 2153 manca

127 2174 254 2209 affatto
274 2175 310 2209 al
335 2175 577 2219 palimpsesto
595 2176 842 2211 ambrosiano.
869 2175 958 2211 Esso
985 2179 1003 2211 e
1029 2177 1166 2211 dovuto
1182 2188 1203 2211 a
1218 2188 1292 2210 una
1306 2175 1598 2220 interpolazione

126 2232 330 2276 posteriore
354 2233 389 2268 al
407 2233 439 2268 V
457 2245 527 2268 see.
554 2245 572 2268 e
599 2234 770 2268 contiene
796 2245 871 2268 una
895 2234 1020 2278 glossa
1046 2234 1294 2278 all'aeyrotant
1311 2234 1371 2268 del
1389 2246 1421 2268 v,
1437 2234 1492 2274 72,
1506 2234 1602 2268 satta.

127 2289 224 2324 sulla
246 2290 362 2335 guida
386 2290 446 2325 dei
473 2303 530 2325 vv.
557 2291 684 2325 73-74:
711 2291 742 2325 si
768 2293 886 2326 metta
911 2303 933 2325 a
958 2291 1139 2326 riseontro
1173 2294 1364 2326 imnaeutare
1389 2303 1456 2326 con
1485 2293 1600 2326 demu-

127 2352 220 2382 taret
245 2359 264 2383 e
289 2351 347 2383 sin
372 2359 441 2400 con
467 2354 529 2383 aut
553 2352 586 2383 si
611 2349 654 2384 ed
683 2349 799 2383 anche
826 2360 894 2383 0011
920 2361 1002 2383 nam
1028 2353 1060 2383 si
1086 2350 1146 2384 del
1174 2362 1205 2384 v.
1233 2350 1287 2384 72.
1318 2349 1348 2384 Il
1373 2362 1458 2384 nam
1481 2352 1515 2384 si
1539 2349 1600 2385 del

128 2417 160 2440 ν.
188 2406 231 2441 72
255 2407 294 2442 fa
317 2407 463 2452 seguito
490 2407 525 2442 al
551 2409 624 2441 nisi
649 2407 708 2442 del
735 2419 840 2442 verso
867 2408 1100 2451 precedente.
1130 2426 1171 2430 —
1238 2407 1375 2443 73-74.
1401 2408 1454 2443 La
1478 2408 1598 2444 ridon-

128 2465 246 2500 danza
269 2465 308 2500 di
332 2466 456 2510 questi
482 2466 553 2500 due
580 2466 677 2501 versi
702 2477 840 2510 pareva
865 2468 1031 2510 sospetta
1056 2467 1092 2500 al
1118 2466 1272 2525 Ritschl.
1287 2467 1348 2501 Ma
1373 2478 1456 2502 essa
1479 2479 1554 2503 non
1579 2469 1600 2502 e

123 2529 163 2564 in
187 2531 286 2565 tutto
311 2532 486 2565 estranea
511 2529 586 2565 allo
612 2529 698 2564 stile
725 2530 906 2573 plautino.
934 2550 978 2554 —
1053 2529 1117 2564 75.
1145 2532 1313 2573 omnibns,
1340 2531 1384 2566 cf.
1411 2543 1446 2566 n.
1473 2532 1528 2566 54.
1555 2549 1600 2555 —

125 2589 284 2622 morbum
309 2589 328 2623 e
354 2599 475 2623 messo
500 2588 540 2622 in
564 2588 748 2623 relazione
783 2588 840 2623 001
867 2600 898 2623 v.
925 2589 991 2623 72:
1018 2588 1259 2633 Megaronide
1293 2590 1486 2625 considera
1521 2589 1600 2628 Cal.

196 2664 233 2692 Ε.
254 2664 401 2701 Coccum,
421 2665 530 2694 Plauti
552 2666 759 2693 Trinummus.
1509 2668 1528 2695 2
