1818 2973
464 37 486 42 φ
1079 41 1091 44 -
1236 38 1290 50 .‹„
1385 49 1390 54 ,
1426 39 1462 48 ..υ

244 102 308 139 104
831 117 869 144 Μ.
895 117 976 144 Ασοι
1000 118 1132 145 ΡιΑυτῐ

346 197 453 236 Nam
482 194 548 248 pol
575 197 738 249 placido
766 200 808 239 te
835 201 878 239 et
905 177 1102 242 clessnenti
1130 212 1179 242 eo
1207 199 1340 253 usque
1367 203 1499 253 modo,
1518 206 1567 245 ut
1585 205 1713 255 uolui,

1296 275 1396 319 usfis
1423 291 1514 320 sum
1544 281 1586 321 in
1614 282 1712 322 alto.

347 348 485 398 Atque
513 346 624 388 hiano
652 349 768 388 tuam
796 349 971 400 gloriam
992 349 1075 390 iam
1095 349 1194 392 ente
1213 353 1386 393 auribus
1403 353 1650 406 acceperam
1670 358 1713 397 et

1164 427 1343 468 nobilest
1370 426 1480 480 &pud
1509 429 1711 479 homines,

349 492 609 546 Pauperibus
650 497 692 536 te
731 493 908 546 parcere
948 498 1128 538 solitum.
1171 494 1322 541 dIuites
1348 501 1550 542 damnare
1585 503 1713 553 atque

1415 576 1598 617 domare.
1654 607 1685 630 ,ο

348 645 438 693 Abi,
469 641 611 686 lando:
639 646 720 687 scis
747 643 905 696 ordine,
935 651 983 689 ut
1008 653 1237 700 aequomst,
1279 649 1467 692 tractore
1503 651 1714 692 homines:

1121 725 1204 766 hoc
1232 721 1294 766 dis
1323 727 1553 778 dignumst:
1609 729 1687 767 830

346 794 541 847 [Semper
570 798 772 838 mendicis
801 794 973 839 modesti
1001 800 1117 852 sint}

348 867 472 912 Fidfis
501 872 636 912 suisti:
665 874 842 914 infidum
870 872 961 915 esse
988 876 1156 916 iterant.
1211 888 1310 916 nam
1338 875 1494 927 absque
1522 878 1631 919 foret
1657 881 1711 926 te,

1353 955 1417 992 sat
1444 948 1529 993 scio
1556 952 1600 992 in
1628 954 1713 994 alto

348 1021 648 1064 Distrzixissent
686 1025 830 1076 disque
870 1026 1063 1067 tulissent
1102 1023 1302 1068 satellites
1329 1029 1388 1067 tui
1419 1039 1485 1068 me
1513 1025 1712 1068 misertim

1594 1103 1712 1145 foede

240 1210 273 1233 v.
299 1199 379 1234 535.
406 1199 638 1235 L’Hermann
662 1203 897 1245 premebteva
921 1214 990 1246 eqo,
1008 1203 1074 1238 ohe
1093 1205 1112 1238 e
1130 1203 1239 1239 facile
1265 1203 1536 1239 sottintendere
1555 1204 1613 1240 col
1630 1216 1713 1240 con—

238 1257 362 1293 fronto
388 1258 450 1293 del
474 1271 552 1292 sum
577 1259 637 1294 del
664 1271 695 1294 V.
723 1260 941 1302 successivo,
975 1261 1011 1296 al
1048 1261 1158 1306 quale
1195 1265 1327 1307 questo
1366 1262 1575 1298 emistichio
1601 1263 1633 1297 si
1668 1263 1712 1298 ri-

240 1317 360 1360 porta.
390 1333 426 1339 —-
503 1316 600 1352 827.
626 1329 662 1353 eo
688 1321 788 1353 modo
814 1324 852 1353 ut
878 1321 973 1353 volui
989 1333 1033 1347 =
1059 1331 1096 1354 eo
1122 1333 1166 1355 m.
1191 1332 1258 1364 quo
1283 1322 1387 1355 volui.
1413 1320 1483 1355 Nei
1521 1320 1649 1362 codici,
1675 1321 1711 1356 al

238 1376 345 1418 posto
372 1374 410 1408 di
435 1387 482 1417 eo,
509 1375 540 1410 si
566 1375 673 1419 legge
700 1389 782 1418 meo,
809 1377 875 1412 che
901 1377 1125 1412 l'Hermann
1148 1379 1408 1422 interpretava
1438 1389 1541 1414 come
1571 1391 1622 1413 un
1659 1379 1712 1414 in·

241 1432 336 1468 dizio
367 1433 487 1469 sicuro
504 1445 572 1478 per
588 1434 801 1470 introdurre
821 1436 855 1470 al
874 1438 981 1480 posto
1000 1437 1037 1470 ὼ·
1060 1438 1202 1480 placido
1232 1448 1251 1472 e
1278 1439 1436 1472 clementi
1459 1437 1514 1481 gli
1538 1449 1613 1473 acc.
1632 1439 1713 1481 pla-

240 1493 358 1526 cidum
384 1502 403 1526 e
429 1494 638 1527 clementem.
669 1496 771 1527 —in
805 1495 888 1536 alto,
915 1493 972 1529 col
998 1494 1075 1535 Pio,
1101 1506 1169 1539 per
1194 1496 1266 1530 alio
1291 1495 1352 1530 dei
1379 1495 1507 1539 codici,
1536 1493 1549 1508 “
1570 1496 1610 1530 in
1636 1495 1714 1530 alto

240 1560 342 1584 mare
364 1576 393 1593 „.
421 1571 463 1576 —
514 1550 609 1585 828.
637 1553 786 1586 auribus
811 1552 848 1586 fa
874 1552 1026 1587 antitesi
1045 1553 1092 1587 ad
1109 1565 1228 1597 opera,
1253 1569 1298 1573 —
1320 1555 1485 1596 ρῖονίαηι,
1503 1553 1566 1587 cfr.
1581 1565 1614 1587 v,
1631 1553 1712 1587 829.

240 1624 285 1629 -
310 1609 466 1650 nobilest,
494 1609 551 1643 eol
578 1609 662 1651 Leo,
687 1620 754 1654 per
778 1612 910 1644 nobiles
935 1610 996 1645 dei
1022 1611 1151 1646 codici.
1177 1626 1222 1631 —
1306 1610 1402 1645 829.
1427 1612 1562 1651 divites,
1589 1610 1627 1644 di
1652 1609 1713 1645 eui

239 1666 373 1701 nmilia
397 1666 603 1711 l'orgoglio.
630 1685 673 1690 —
763 1667 858 1703 830.
885 1670 944 1703 abi
972 1666 984 1680 “
1006 1668 1058 1703 fai
1083 1669 1177 1704 bene
1200 1697 1212 1712 ,,
1242 1670 1261 1704 e
1288 1669 1491 1712 adoperato
1517 1668 1557 1702 in
1581 1670 1713 1712 questo

240 1735 324 1760 caso
354 1722 368 1737 “
390 1738 468 1760 cum
503 1728 708 1761 laudatione
744 1728 959 1761 blandientis
981 1754 993 1769 ‚
1023 1727 1115 1762 Don.
1142 1738 1163 1761 a
1189 1727 1269 1761 Ter.
1296 1726 1401 1761 Adel.
1428 1727 1460 1768 5,
1489 1726 1520 1767 1,
1546 1726 1567 1760 3
1595 1727 1713 1767 laudo,

245 1784 416 1827 Ctesipho,
436 1787 633 1828 patrissas,
658 1786 727 1826 abi,
758 1787 875 1819 virum
901 1790 930 1819 te
955 1786 1095 1819 iudico:
1121 1785 1276 1826 altrove,
1301 1784 1443 1826 invece‚
1468 1785 1488 1819 ὲ
1513 1785 1621 1819 usato
1646 1794 1715 1827 per

241 1841 444 1885 esprimere
471 1845 666 1878 seontento
693 1854 712 1878 e
739 1843 910 1879 biasimo.
939 1843 1009 1878 Cfr.
1035 1843 1114 1877 Mil.
1133 1843 1199 1878 291
1227 1844 1294 1884 abi,
1313 1854 1384 1877 non
1409 1843 1601 1877 verisimile
1625 1843 1716 1876 dicis

242 1910 262 1934 e
287 1899 390 1934 Asin.
419 1900 486 1935 704
513 1913 575 1943 em,
603 1904 665 1943 sic,
685 1902 754 1944 abi,
780 1903 899 1936 laudo.
936 1916 982 1921 —
1019 1903 1147 1936 ordine
1175 1899 1188 1913 ⁸
1210 1900 1249 1935 in
1274 1901 1384 1935 modo
1411 1899 1668 1940 conveniente,
1693 1910 1717 1934 a

241 1958 401 1993 soconda
425 1958 486 1994 del
510 1958 589 1994 loro
615 1962 713 1994 stato
732 1986 760 2002 „.
786 1977 832 1982 —
927 1958 1014 1993 831.
1042 1958 1178 2000 Questo
1217 1970 1322 1994 verso
1348 1960 1367 1993 ὲ
1394 1957 1626 1993 considerato
1652 1956 1715 1991 dal

241 2015 387 2051 Ritschl
412 2027 515 2052 come
541 2029 615 2052 una
639 2017 764 2061 glossa
789 2017 827 2051 di
846 2018 1069 2061 pauperibus
1085 2022 1115 2051 te
1128 2028 1282 2061 parcere
1298 2017 1451 2051 solitum.
1477 2036 1522 2041 —
1548 2013 1644 2049 832.
1662 2017 1715 2048 in-

239 2076 351 2118 fidum
375 2086 447 2109 esse
469 2077 605 2110 iterant
628 2077 648 2110 e
675 2076 876 2120 adoperato
911 2075 951 2110 in
988 2086 1093 2110 senso
1131 2075 1344 2110 concessivo
1374 2072 1388 2087 ⁸
1410 2085 1429 2109 e
1447 2086 1517 2119 pur
1540 2073 1716 2114 tuttavia,

243 2133 403 2168 sebbene
427 2161 456 2177 ‚,
481 2134 545 2168 cfr.
563 2146 598 2169 n.
617 2134 697 2169 292.
715 2136 962 2168 -iterant=
978 2131 991 2146 ⁸
1011 2133 1148 2174 dicunt,
1174 2133 1344 2167 indicant
1364 2160 1377 2176 „
1408 2131 1540 2168 Glossa
1571 2131 1610 2166 di
1634 2132 1716 2166 Pla-

245 2191 340 2234 cido,
364 2203 399 2236 p.
424 2192 494 2227 472
520 2192 576 2227 ed.
591 2193 691 2227 Mai:
718 2192 780 2227 cfr.
808 2192 968 2227 Pacuvio
995 2191 1037 2226 fr.
1056 2191 1124 2226 370
1142 2191 1248 2226 Ribb.
1275 2203 1413 2226 caecam
1436 2188 1652 2233 (fortunam)
1676 2190 1716 2224 ob

244 2261 319 2284 eam
346 2261 421 2284 rem
445 2261 518 2285 esse
550 2253 694 2292 iterant,
720 2253 803 2294 quia
829 2251 882 2283 nil
907 2255 1030 2284 cernat
1061 2260 1127 2293 quo
1151 2261 1224 2284 sese
1248 2251 1420 2293 adplicet;
1447 2248 1614 2292 Turpilio
1648 2246 1716 2282 140

243 2309 374 2351 festum
390 2320 462 2343 esse
478 2310 571 2343 diem
594 2310 652 2343 hic
676 2314 843 2352 quartum
869 2309 970 2343 hodie
994 2310 1138 2342 iterant.
1167 2323 1209 2328 —
1234 2308 1286 2342 La
1310 2306 1564 2351 preposizione
1590 2307 1717 2350 absque

246 2366 278 2402 si
301 2369 409 2402 trova
441 2368 647 2412 adoperata
670 2367 772 2402 nella
797 2366 927 2410 lingua
952 2365 1140 2401 familiare
1166 2377 1185 2401 e
1212 2366 1273 2400 dai
1298 2365 1400 2410 poeti
1425 2365 1558 2400 comici
1587 2364 1645 2400 col
1669 2363 1718 2400 si-

245 2425 422 2469 gnificato
449 2425 702 2462 condizionale
730 2425 768 2460 di
793 2427 826 2460 si
850 2427 937 2466 sine,
964 2424 1232 2468 specialmente
1261 2424 1300 2458 in
1326 2422 1462 2459 unione
1480 2423 1574 2458 colle
1597 2423 1715 2458 forme

245 2483 488 2528 impersonali
513 2490 599 2519 esset
625 2495 644 2519 e
668 2485 778 2527 foret;
807 2483 928 2518 sioche
956 2482 995 2517 13
1018 2483 1115 2517 frase
1148 2483 1274 2526 absque
1299 2487 1330 2516 te
1357 2487 1444 2516 esset
1480 2479 1716 2525 corrisponde

245 2541 525 2586 propriamente
552 2554 573 2577 a
598 2544 631 2576 si
655 2548 693 2576 tu
718 2553 788 2576 non
813 2553 919 2584 esses;
947 2541 1011 2576 cfr.
1039 2541 1142 2584 Capt.
1170 2541 1248 2575 754.
1275 2559 1320 2564 ——
1396 2539 1492 2575 833.
1518 2541 1639 2583 disque
1663 2543 1717 2572 tu-

246 2601 473 2635 lissent=et
497 2602 737 2642 distulissent;
764 2600 828 2635 cfr.
854 2611 921 2644 per
946 2599 1034 2635 altri
1051 2599 1127 2634 casi
1144 2599 1182 2633 di
1199 2599 1309 2634 tmesi
1335 2598 1434 2633 Pers.
1460 2598 1493 2641 2,
1518 2597 1551 2642 2,
1575 2597 1620 2631 28
1637 2597 1720 2641 quoi

450 2716 498 2737 Γ,
624 2714 629 2720 ,
814 2717 826 2724 ,
1556 2716 1558 2720 ,
1576 2708 1602 2726 ,,
