1818 2973
306 26 325 33 Q
710 23 718 31 ,α
998 23 1006 26 -
1105 25 1167 30 ⁴-U
1271 25 1276 28 .
1302 22 1400 28 -———-.

562 97 780 123 'rvaumvs
803 93 841 128 11,
862 87 896 128 2,
918 86 1053 121 22-39
1505 87 1549 120 47

184 178 246 220 Ne
261 180 530 230 penetrarem
549 188 618 219 me
636 173 824 228 fisquam,
840 175 910 216 ubi
930 153 1040 217 esset
1058 174 1198 217 demni
1219 174 1549 225 concilieholmm

187 251 252 294 Ne
279 256 405 294 noctu
434 253 541 294 irem
568 251 879 294 obdmbulatum
909 248 993 292 ne1’1
1020 262 1137 292 suom
1156 251 1386 292 adimerem
1412 249 1549 292 elteri.

1470 327 1549 365 315

183 397 246 441 Ne
274 400 346 440 tibi
375 397 693 452 aegritfidinem‚
724 402 856 450 pater,
888 397 1096 449 parerem,
1129 398 1240 449 parsi
1272 395 1433 438 sedulo:
1490 427 1523 450 35

184 471 307 514 Serta
336 476 446 513 tecta
475 469 548 512 t1’1a
577 474 801 523 praecepta
831 482 964 521 usque
992 469 1120 511 hebui
1150 482 1241 511 mea
1271 467 1483 510 modestia.

80 551 156 588 PH.
185 548 288 596 Quid
319 544 560 598 exprobras,
590 548 695 587 bene
724 545 830 596 quod
861 546 1024 586 fecisti?
1052 541 1125 585 tibi
1155 545 1299 592 fecisti,
1320 544 1401 585 non
1423 545 1551 584 mihi:

185 619 289 662 Mihi
318 623 484 672 quidem
514 624 629 661 aetas
647 619 781 661 actast
800 621 945 667 ferme,
968 617 1037 659 uia
1061 621 1166 660 istuc
1186 621 1318 660 refert
1338 618 1549 660 ma'lxume.

192 682 231 738 is
250 697 434 748 probust,
456 707 580 747 quem
601 694 787 747 paenitet
807 706 930 746 quam
952 693 1104 745 probus
1132 694 1184 734 sit
1213 698 1254 735 et
1282 690 1393 746 frugi
1421 695 1553 734 bonae

715 778 719 780 “
1472 771 1552 810 320

79 943 240 989 precetti
257 969 286 987 ,.
312 959 354 966 —
379 944 652 986 inteyumentmn
677 941 854 977 continua
876 952 1023 985 sempre
1041 941 1078 975 la
1095 943 1212 976 stessa
1230 940 1434 984 immagine
1453 938 1553 974 della

81 1002 278 1045 battaglia,
317 1012 337 1036 e
373 1001 456 1035 vale
498 998 511 1013 ⁸
534 1001 700 1044 usbergo,
740 1000 850 1035 scudo
873 1027 901 1043 „.
939 1020 984 1024 —
1022 1002 1130 1034 aetati
1170 997 1182 1011 ⁴⁴
1205 999 1420 1043 giovinezza
1439 1025 1469 1042 ‚.
1505 1016 1551 1022 —-

84 1059 170 1095 314.
193 1064 417 1103 penetrarem
432 1071 495 1101 me,
522 1058 586 1093 cfr.
611 1070 646 1092 n.
673 1058 763 1099 276;
792 1058 819 1092 il
845 1058 956 1092 verbo
976 1063 1169 1101 penetrare
1187 1058 1205 1092 e
1224 1058 1427 1101 adoperato
1454 1054 1551 1090 assai

82 1118 366 1161 eomunemente
392 1116 439 1150 da
464 1116 597 1151 Plauto
623 1127 727 1150 come
754 1128 785 1149 v.
813 1116 1003 1150 riflessivo.
1030 1135 1075 1141 —
1104 1117 1371 1150 conciliabolum
1389 1117 1408 1149 e
1426 1114 1553 1149 tradu-

79 1175 184 1210 zione
210 1175 270 1209 del
294 1185 403 1217 greco
431 1173 607 1213 σύλλογος
638 1171 780 1217 “luogo
806 1174 842 1207 di
862 1184 1052 1217 convegno
1071 1200 1099 1214 ,,,
1126 1173 1218 1208 dove
1245 1173 1274 1207 si
1300 1173 1511 1207 riuniscono
1531 1183 1552 1206 a

79 1233 343 1268 divertimento
362 1231 398 1266 la
415 1233 527 1275 gente
545 1231 703 1275 perduta
719 1229 927 1273 ((lamnosi);
948 1231 1010 1265 cfr.
1028 1233 1218 1274 hospitium
1237 1232 1453 1265 calamitates
1470 1230 1550 1271 553,

79 1293 194 1326 saltus
218 1291 342 1324 darnm'
366 1289 462 1324 Men.
490 1289 522 1330 5,
549 1290 581 1330 6,
608 1289 663 1324 30.
690 1309 733 1313 -
831 1288 917 1323 315.
952 1294 1055 1323 noctu
1089 1290 1313 1323 obambulare
1339 1290 1358 1323 e
1384 1288 1422 1322 la
1452 1287 1550 1323 frase

80 1348 201 1384 latina.
225 1347 528 1391 corrispondente
546 1347 580 1382 al
600 1359 632 1381 v.
651 1358 761 1391 greco
780 1346 955 1386 κωμάζειν
981 1349 1178 1381 comessari.
1207 1367 1246 1372 —
1346 1345 1431 1380 316.
1443 1351 1552 1391 pater

81 1418 156 1441 non
179 1406 218 1440 fa
242 1405 440 1450 posizione‚
467 1405 530 1440 cfr.
556 1405 695 1440 Introd.
714 1404 819 1448 Capt.
837 1405 1024 1439 XXXVIII
1043 1416 1061 1440 e
1082 1417 1113 1439 V.
1132 1405 1211 1439 361.
1230 1424 1274 1429 —
1291 1407 1406 1448 parsi,
1425 1404 1551 1439 antica,

80 1464 200 1500 forma
225 1464 262 1498 di
287 1463 380 1507 perf.
407 1463 472 1498 che
498 1463 535 1497 fa
560 1463 596 1497 le
623 1463 702 1498 veci
728 1463 766 1497 di
785 1465 941 1507 peperci,
977 1465 996 1498 'e
1029 1463 1092 1507 qui
1125 1463 1330 1507 adoperata
1354 1462 1417 1497 nel
1443 1473 1549 1497 senso

80 1522 118 1556 di
143 1523 229 1556 cavi.
251 1539 286 1543 —
331 1520 415 1556 317.
434 1527 535 1555 sarta
553 1526 641 1555 tecta
662 1519 674 1533 ‘¹
692 1521 765 1555 ben
782 1521 950 1565 riparati,
969 1521 1089 1562 difesi,
1107 1521 1266 1565 protetti
1285 1534 1317 1563 „:
1336 1532 1400 1555 era
1418 1522 1550 1564 questa

79 1590 154 1614 una
175 1579 273 1614 frase
299 1578 397 1614 assai
423 1590 577 1614 comune
596 1590 615 1614 e
633 1579 867 1622 proverbiale
882 1579 919 1613 in
939 1579 1065 1614 Roma.
1085 1578 1175 1614 Essa
1189 1590 1252 1613 era
1266 1579 1471 1622 adoperata
1488 1578 1550 1612 nei

80 1637 259 1672 contratti
284 1637 486 1681 d'appalto,
513 1637 579 1672 che
604 1637 782 1672 facevano
801 1637 813 1671 i
831 1639 973 1672 censori
993 1637 1085 1672 colle
1105 1637 1326 1680 compagnie
1353 1637 1548 1680 d‘impren-

82 1694 196 1729 ditori
219 1693 482 1737 (conductores),
509 1695 521 1729 i
547 1695 650 1739 quali
689 1695 990 1737 s'inearieavano,
1017 1696 1064 1729 ad
1101 1696 1277 1739 esempio,
1304 1695 1365 1729 dei
1390 1693 1550 1729 restauri

82 1752 184 1797 degli
226 1752 345 1787 edifizi
388 1753 556 1797 pubbliei
591 1752 710 1796 (opera
742 1753 922 1797 publica),
965 1753 1201 1796 coll⁷0bbligo
1241 1752 1278 1786 di
1316 1751 1549 1796 eousegnarli

79 1815 182 1845 sarta
207 1816 238 1845 et
263 1815 360 1844 tecta.
387 1809 457 1845 Cfr.
485 1810 558 1845 Cic.
585 1811 685 1845 Fam.
712 1811 807 1851 XIII,
835 1811 895 1845 50:
927 1809 939 1822 “
957 1813 1019 1845 hoc
1045 1812 1132 1844 mihi
1157 1813 1202 1845 da
1228 1816 1329 1855 atque
1346 1812 1492 1854 laryire,
1511 1815 1551 1844 ut

79 1868 143 1903 Μ’.
173 1869 321 1903 Curium
347 1873 485 1902 sartum
513 1874 542 1902 et
568 1874 703 1910 tectum,
731 1875 767 1902 ut
791 1871 903 1911 aizmt,
930 1871 972 1903 ab
1006 1871 1165 1913 omnique
1198 1871 1415 1902 incommodo
1441 1870 1550 1902 (letri-

80 1931 192 1960 mento
230 1927 389 1960 molestia
425 1928 601 1960 sincerum
636 1929 875 1970 intem-umque
912 1938 1142 1969 conserves„;
1176 1927 1301 1962 Festo:
1337 1926 1485 1960 “sarie
1513 1929 1550 1960 ln

79 1984 314 2027 auyuralibus
331 1995 404 2027 pro
438 1986 614 2026 inteyre
642 1986 816 2027 ponitur:
844 1983 856 1996 ⁴
875 1996 960 2018 sune
983 1990 1144 2028 sorteque
1169 1986 1296 2018 audire
1321 1986 1503 2027 videreque
1521 2010 1549 2025 „.

83 2043 131 2076 Ob
155 2053 260 2085 quam
286 2053 430 2075 causam
455 2052 563 2085 opera
582 2043 727 2085 publica
752 2054 840 2086 quae
864 2044 1038 2083 locantur,
1073 2048 1109 2076 ut
1147 2044 1284 2085 inteym
1306 2047 1550 2085 praestentur,

82 2096 96 2112 ⁸
113 2105 215 2134 sarta
241 2104 329 2133 tecta
346 2127 359 2141 ,‚
389 2105 568 2141 vocantur,
596 2102 721 2133 etenim
760 2099 773 2111 “
792 2102 930 2135 sarcire
945 2128 957 2143 „
993 2106 1041 2134 est
1066 2103 1243 2143 inteqrum
1281 2099 1292 2112 '⁵
1309 2101 1428 2142 facere
1446 2125 1473 2142 „.
1507 2116 1547 2121 —

79 2156 164 2192 318.
191 2158 386 2201 exprobras
415 2155 427 2169 '‘
447 2157 507 2191 vai
524 2158 771 2193 raccontando
786 2169 819 2200 „;
846 2159 909 2193 cfr.
929 2161 1068 2202 quanto
1088 2158 1164 2193 alla
1188 2159 1361 2203 prosodia
1386 2157 1423 2191 di
1449 2161 1548 2200 expr.

79 2215 220 2251 Introd.
247 2215 352 2259 Capt.
386 2215 586 2258 XXXVIII,
624 2227 642 2250 e
677 2218 817 2259 quanto
843 2216 880 2250 al
906 2228 1011 2251 senso
1038 2215 1171 2260 Amph.
1198 2216 1289 2260 prol.
1316 2217 1360 2250 46
1387 2217 1447 2249 sed
1476 2227 1549 2250 mos

77 2285 270 2318 numquam
293 2274 350 2307 illi
373 2275 444 2317 fuit
464 2276 568 2317 patri
586 2286 669 2314 meo,
688 2279 724 2308 ut
749 2275 981 2318 exprobraret
994 2276 1085 2318 quod
1109 2276 1208 2308 bonis
1231 2276 1364 2317 faceret
1390 2274 1481 2308 boni.
1503 2290 1548 2295 —

79 2330 176 2365 320.
194 2333 226 2365 is
247 2328 261 2343 ‘⁶
279 2331 442 2366 soltanto
461 2331 559 2366 colui
578 2358 606 2374 ,,.
625 2351 665 2355 -
686 2343 784 2375 quem
804 2335 962 2375 paenitet
975 2345 1017 2358 =
1031 2334 1089 2365 eui
1107 2343 1244 2375 parum
1261 2333 1399 2365 videtur
1417 2331 1508 2366 Don.
1527 2342 1549 2365 a,

77 2388 160 2424 Ter.
189 2387 281 2424 Eun.
316 2389 348 2431 5,
380 2389 413 2430 6,
450 2388 510 2429 12;
548 2389 610 2424 cfr.
646 2389 750 2424 Truc.
782 2389 814 2432 2,
847 2390 877 2431 6,
909 2389 952 2423 52
986 2392 1183 2433 paenitetne
1214 2394 1255 2432 te,
1286 2394 1367 2433 quot
1397 2390 1549 2423 ancillas

77 2448 201 2482 alam?
225 2447 356 2482 Bacch.
390 2448 480 2483 1182
517 2459 569 2481 me
599 2449 652 2481 nil
687 2450 841 2492 paenitet
877 2445 909 2488 (⁸
927 2459 1001 2482 non
1031 2459 1120 2482 sono
1150 2449 1344 2483 scontento
1362 2445 1393 2490 ,,)
1418 2453 1456 2481 ut
1480 2449 1548 2481 sim

75 2511 246 2550 acceptus.
272 2524 315 2529 -
341 2507 442 2550 fraqi
466 2508 575 2540 bonae
603 2504 615 2518 “
634 2518 707 2541 una
732 2508 854 2542 buona
880 2510 986 2550 pasta
1012 2507 1157 2542 d'uomo
1176 2533 1203 2549 „.
1230 2507 1346 2550 Fruyi
1364 2508 1382 2541 e
1401 2506 1547 2541 eviden-

75 2565 242 2601 temente
268 2577 318 2600 un
342 2565 417 2601 dat.
444 2566 482 2600 di
508 2578 629 2611 scopo,
656 2567 683 2600 il
709 2567 818 2610 quale
845 2569 933 2611 pero
959 2566 1124 2602 nell'uso
1149 2567 1181 2602 si
1210 2567 1404 2603 alternava
1429 2567 1546 2603 anche
1580 2564 1585 2568 ’
