<?xml version="1.0" encoding="UTF-8"?>
<!DOCTYPE html PUBLIC "-//W3C//DTD XHTML 1.0 Transitional//EN"
    "http://www.w3.org/TR/xhtml1/DTD/xhtml1-transitional.dtd">
<html xmlns="http://www.w3.org/1999/xhtml" xml:lang="en" lang="en">
 <head>
  <title>
</title>
<meta http-equiv="Content-Type" content="text/html;charset=utf-8" />
  <meta name='ocr-system' content='tesseract 3.04.00' />
  <meta name='ocr-capabilities' content='ocr_page ocr_carea ocr_par ocr_line ocrx_word'/>
</head>
<body>
  <div class='ocr_page' id='page_1' title='image "./trinummus1921plauuoft_0116.png"; bbox 0 0 1818 2973; ppageno 0'>
   <div class='ocr_carea' id='block_1_1' title="bbox 227 14 1807 154">
    <p class='ocr_par' dir='ltr' id='par_1_1' title="bbox 227 14 1807 154">
     <span class='ocr_line' id='line_1_1' title="bbox 390 14 1780 70; baseline 0.001 -13"><span class='ocrx_word' id='word_1_1' title='bbox 390 51 432 60; x_wconf 56' lang='grc' dir='ltr'>οι,-</span> <span class='ocrx_word' id='word_1_2' title='bbox 741 47 758 59; x_wconf 63' lang='lat' dir='ltr'>„A</span> <span class='ocrx_word' id='word_1_3' title='bbox 1136 67 1138 70; x_wconf 92' lang='lat'>.</span> <span class='ocrx_word' id='word_1_4' title='bbox 1220 45 1258 58; x_wconf 54' lang='lat' dir='ltr'>h&lt;-</span> <span class='ocrx_word' id='word_1_5' title='bbox 1283 57 1293 59; x_wconf 40' lang='lat'><em>*</em></span> <span class='ocrx_word' id='word_1_6' title='bbox 1443 56 1466 62; x_wconf 32' lang='grc' dir='ltr'>ΛΑ</span> <span class='ocrx_word' id='word_1_7' title='bbox 1578 48 1604 63; x_wconf 53' lang='grc' dir='ltr'>,Α</span> <span class='ocrx_word' id='word_1_8' title='bbox 1764 14 1780 35; x_wconf 33' lang='grc' dir='ltr'>Δ..</span> 
     </span>
     <span class='ocr_line' id='line_1_2' title="bbox 227 103 1807 154; baseline 0.004 -5"><span class='ocrx_word' id='word_1_9' title='bbox 227 111 270 150; x_wconf 80' lang='grc'>94</span> <span class='ocrx_word' id='word_1_10' title='bbox 816 123 854 153; x_wconf 80' lang='lat' dir='ltr'>M.</span> <span class='ocrx_word' id='word_1_11' title='bbox 880 123 962 153; x_wconf 71' lang='lat' dir='ltr'>Acci</span> <span class='ocrx_word' id='word_1_12' title='bbox 985 125 1118 154; x_wconf 74' lang='lat' dir='ltr'>PLAtJ&#39;rt</span> <span class='ocrx_word' id='word_1_13' title='bbox 1796 103 1807 120; x_wconf 35' lang='lat'>³</span> 
     </span>
    </p>
   </div>
   <div class='ocr_carea' id='block_1_2' title="bbox 228 191 1699 262">
    <p class='ocr_par' dir='ltr' id='par_1_2' title="bbox 228 191 1699 262">
     <span class='ocr_line' id='line_1_3' title="bbox 228 191 1699 262; baseline 0.003 -15"><span class='ocrx_word' id='word_1_14' title='bbox 228 210 296 248; x_wconf 71' lang='lat' dir='ltr'>ST.</span> <span class='ocrx_word' id='word_1_15' title='bbox 324 191 420 248; x_wconf 72' lang='lat' dir='ltr'>A&#39;bit</span> <span class='ocrx_word' id='word_1_16' title='bbox 447 208 592 250; x_wconf 80' lang='lat' dir='ltr'>hercle</span> <span class='ocrx_word' id='word_1_17' title='bbox 634 209 703 250; x_wconf 88' lang='lat' dir='ltr'>ille</span> <span class='ocrx_word' id='word_1_18' title='bbox 732 210 912 260; x_wconf 88' lang='lat' dir='ltr'>quidem.</span> <span class='ocrx_word' id='word_1_19' title='bbox 980 207 1130 261; x_wconf 77' lang='lat' dir='ltr'>ecquid</span> <span class='ocrx_word' id='word_1_20' title='bbox 1158 210 1289 259; x_wconf 83' lang='lat' dir='ltr'>audis,</span> <span class='ocrx_word' id='word_1_21' title='bbox 1319 206 1554 252; x_wconf 68' lang='lat' dir='ltr'>Lusiteles?</span> <span class='ocrx_word' id='word_1_22' title='bbox 1621 221 1699 262; x_wconf 84' lang='lat' dir='ltr'>ego</span> 
     </span>
    </p>
   </div>
   <div class='ocr_carea' id='block_1_3' title="bbox 331 281 1698 626">
    <p class='ocr_par' dir='ltr' id='par_1_3' title="bbox 1517 281 1696 324">
     <span class='ocr_line' id='line_1_4' title="bbox 1517 281 1696 324; baseline -0.006 0"><span class='ocrx_word' id='word_1_23' title='bbox 1517 281 1562 324; x_wconf 73' lang='lat' dir='ltr'>te</span> <span class='ocrx_word' id='word_1_24' title='bbox 1589 284 1696 324; x_wconf 91' lang='lat' dir='ltr'>uolo.</span> 
     </span>
    </p>

    <p class='ocr_par' dir='ltr' id='par_1_4' title="bbox 332 353 1697 482">
     <span class='ocr_line' id='line_1_5' title="bbox 332 353 1697 410; baseline 0.002 -15"><span class='ocrx_word' id='word_1_25' title='bbox 332 353 408 397; x_wconf 81' lang='lat' dir='ltr'>Hic</span> <span class='ocrx_word' id='word_1_26' title='bbox 435 368 599 407; x_wconf 89' lang='lat' dir='ltr'>quoque</span> <span class='ocrx_word' id='word_1_27' title='bbox 627 357 727 397; x_wconf 84' lang='lat' dir='ltr'>hinc</span> <span class='ocrx_word' id='word_1_28' title='bbox 754 357 866 397; x_wconf 85' lang='lat' dir='ltr'>abiit.</span> <span class='ocrx_word' id='word_1_29' title='bbox 922 355 1110 406; x_wconf 51' lang='lat' dir='ltr'>sissima</span> <span class='ocrx_word' id='word_1_30' title='bbox 1140 360 1275 399; x_wconf 83' lang='lat' dir='ltr'>restas</span> <span class='ocrx_word' id='word_1_31' title='bbox 1311 356 1440 398; x_wconf 83' lang='lat' dir='ltr'>s61us:</span> <span class='ocrx_word' id='word_1_32' title='bbox 1483 359 1580 409; x_wconf 89' lang='lat' dir='ltr'>quid</span> <span class='ocrx_word' id='word_1_33' title='bbox 1618 369 1697 410; x_wconf 85' lang='lat' dir='ltr'>ego</span> 
     </span>
     <span class='ocr_line' id='line_1_6' title="bbox 1431 426 1695 482; baseline 0 -12"><span class='ocrx_word' id='word_1_34' title='bbox 1431 426 1544 472; x_wconf 75' lang='lat' dir='ltr'>nunc</span> <span class='ocrx_word' id='word_1_35' title='bbox 1573 441 1695 482; x_wconf 85' lang='lat' dir='ltr'>agam</span> 
     </span>
    </p>

    <p class='ocr_par' dir='ltr' id='par_1_5' title="bbox 331 499 1698 626">
     <span class='ocr_line' id='line_1_7' title="bbox 331 499 1698 557; baseline 0.003 -15"><span class='ocrx_word' id='word_1_36' title='bbox 331 499 417 543; x_wconf 83' lang='lat' dir='ltr'>Nisi</span> <span class='ocrx_word' id='word_1_37' title='bbox 446 503 507 543; x_wconf 91' lang='lat' dir='ltr'>uti</span> <span class='ocrx_word' id='word_1_38' title='bbox 535 502 745 544; x_wconf 60' lang='lat' dir='ltr'>sarciniim</span> <span class='ocrx_word' id='word_1_39' title='bbox 766 506 1050 556; x_wconf 82' lang='lat' dir='ltr'>constringam</span> <span class='ocrx_word' id='word_1_40' title='bbox 1079 506 1122 545; x_wconf 80' lang='lat' dir='ltr'>et</span> <span class='ocrx_word' id='word_1_41' title='bbox 1150 501 1346 557; x_wconf 75' lang='lat' dir='ltr'>clupeum</span> <span class='ocrx_word' id='word_1_42' title='bbox 1367 506 1419 546; x_wconf 79' lang='lat' dir='ltr'>ad</span> <span class='ocrx_word' id='word_1_43' title='bbox 1439 507 1609 546; x_wconf 85' lang='lat' dir='ltr'>dorsum</span> <span class='ocrx_word' id='word_1_44' title='bbox 1629 506 1698 546; x_wconf 81' lang='lat' dir='ltr'>ad-</span> 
     </span>
     <span class='ocr_line' id='line_1_8' title="bbox 1425 575 1694 626; baseline -0.004 -8"><span class='ocrx_word' id='word_1_45' title='bbox 1425 575 1694 626; x_wconf 56' lang='lat' dir='ltr'>cummodem</span> 
     </span>
    </p>
   </div>
   <div class='ocr_carea' id='block_1_4' title="bbox 329 645 1698 1067">
    <p class='ocr_par' dir='ltr' id='par_1_6' title="bbox 329 645 1698 1067">
     <span class='ocr_line' id='line_1_9' title="bbox 329 645 1698 703; baseline 0.003 -14"><span class='ocrx_word' id='word_1_46' title='bbox 329 645 572 690; x_wconf 75' lang='lat' dir='ltr'>Fulmentas</span> <span class='ocrx_word' id='word_1_47' title='bbox 600 649 766 691; x_wconf 70' lang='lat' dir='ltr'>iubea&#39;im</span> <span class='ocrx_word' id='word_1_48' title='bbox 786 651 978 702; x_wconf 86' lang='lat' dir='ltr'>suppingi</span> <span class='ocrx_word' id='word_1_49' title='bbox 999 650 1161 691; x_wconf 69' lang='lat' dir='ltr'>sdocis2</span> <span class='ocrx_word' id='word_1_50' title='bbox 1190 663 1272 691; x_wconf 91' lang='lat' dir='ltr'>non</span> <span class='ocrx_word' id='word_1_51' title='bbox 1292 647 1381 692; x_wconf 84' lang='lat' dir='ltr'>sisti</span> <span class='ocrx_word' id='word_1_52' title='bbox 1400 654 1547 703; x_wconf 84' lang='lat' dir='ltr'>potest.</span> <span class='ocrx_word' id='word_1_53' title='bbox 1618 654 1698 692; x_wconf 86' lang='lat'>720</span> 
     </span>
     <span class='ocr_line' id='line_1_10' title="bbox 330 716 1670 778; baseline 0.004 -18"><span class='ocrx_word' id='word_1_54' title='bbox 330 716 461 762; x_wconf 88' lang='lat' dir='ltr'>Video</span> <span class='ocrx_word' id='word_1_55' title='bbox 488 723 679 762; x_wconf 80' lang='lat' dir='ltr'>caculam</span> <span class='ocrx_word' id='word_1_56' title='bbox 709 718 933 764; x_wconf 81' lang='lat' dir='ltr'>militarem</span> <span class='ocrx_word' id='word_1_57' title='bbox 963 720 1029 764; x_wconf 77' lang='lat' dir='ltr'>me</span> <span class='ocrx_word' id='word_1_58' title='bbox 1055 723 1244 764; x_wconf 83' lang='lat' dir='ltr'>futurum</span> <span class='ocrx_word' id='word_1_59' title='bbox 1273 724 1387 764; x_wconf 83' lang='lat' dir='ltr'>haud</span> <span class='ocrx_word' id='word_1_60' title='bbox 1416 721 1590 776; x_wconf 81' lang='lat' dir='ltr'>l6ngius.</span> <span class='ocrx_word' id='word_1_61' title='bbox 1635 754 1670 778; x_wconf 80' lang='lat'>95</span> 
     </span>
     <span class='ocr_line' id='line_1_11' title="bbox 329 782 1697 854; baseline 0.003 -16"><span class='ocrx_word' id='word_1_62' title='bbox 329 782 383 838; x_wconf 60' lang='lat' dir='ltr'>At</span> <span class='ocrx_word' id='word_1_63' title='bbox 409 800 592 850; x_wconf 82' lang='lat' dir='ltr'>aliquem</span> <span class='ocrx_word' id='word_1_64' title='bbox 620 801 671 840; x_wconf 87' lang='lat' dir='ltr'>ad</span> <span class='ocrx_word' id='word_1_65' title='bbox 701 812 845 852; x_wconf 85' lang='lat' dir='ltr'>regem</span> <span class='ocrx_word' id='word_1_66' title='bbox 873 797 916 841; x_wconf 82' lang='lat' dir='ltr'>in</span> <span class='ocrx_word' id='word_1_67' title='bbox 943 803 1132 854; x_wconf 84' lang='lat' dir='ltr'>saginam</span> <span class='ocrx_word' id='word_1_68' title='bbox 1151 799 1249 844; x_wconf 78' lang='lat' dir='ltr'>erus</span> <span class='ocrx_word' id='word_1_69' title='bbox 1269 814 1359 844; x_wconf 88' lang='lat' dir='ltr'>sese</span> <span class='ocrx_word' id='word_1_70' title='bbox 1380 798 1533 844; x_wconf 84' lang='lat' dir='ltr'>conicit</span> <span class='ocrx_word' id='word_1_71' title='bbox 1553 804 1697 845; x_wconf 69' lang='lat' dir='ltr'>meus?</span> 
     </span>
     <span class='ocr_line' id='line_1_12' title="bbox 331 873 1626 929; baseline 0.004 -15"><span class='ocrx_word' id='word_1_72' title='bbox 331 873 464 915; x_wconf 75' lang='lat' dir='ltr'>Credo</span> <span class='ocrx_word' id='word_1_73' title='bbox 492 876 545 915; x_wconf 84' lang='lat' dir='ltr'>ad</span> <span class='ocrx_word' id='word_1_74' title='bbox 573 887 756 916; x_wconf 87' lang='lat' dir='ltr'>summos</span> <span class='ocrx_word' id='word_1_75' title='bbox 782 875 1007 918; x_wconf 77' lang='lat' dir='ltr'>bellatores</span> <span class='ocrx_word' id='word_1_76' title='bbox 1034 876 1178 918; x_wconf 60' lang='lat' dir='ltr'>eorem</span> <span class='ocrx_word' id='word_1_77' title='bbox 1198 899 1248 906; x_wconf 93' lang='lat'><strong>—</strong></span> <span class='ocrx_word' id='word_1_78' title='bbox 1268 876 1492 929; x_wconf 78' lang='lat' dir='ltr'>fugitorem</span> <span class='ocrx_word' id='word_1_79' title='bbox 1521 879 1626 925; x_wconf 76' lang='lat' dir='ltr'>fore,</span> 
     </span>
     <span class='ocr_line' id='line_1_13' title="bbox 330 946 1697 1003; baseline 0.002 -13"><span class='ocrx_word' id='word_1_80' title='bbox 330 946 380 990; x_wconf 82' lang='lat' dir='ltr'>Et</span> <span class='ocrx_word' id='word_1_81' title='bbox 408 953 632 1001; x_wconf 81' lang='lat' dir='ltr'>capturum</span> <span class='ocrx_word' id='word_1_82' title='bbox 661 949 789 1002; x_wconf 77' lang='lat' dir='ltr'>spdlia</span> <span class='ocrx_word' id='word_1_83' title='bbox 818 952 873 992; x_wconf 89' lang='lat' dir='ltr'>ibi</span> <span class='ocrx_word' id='word_1_84' title='bbox 911 953 1028 992; x_wconf 89' lang='lat' dir='ltr'>illum</span> <span class='ocrx_word' id='word_1_85' title='bbox 1069 947 1140 1003; x_wconf 85' lang='lat' dir='ltr'>qui</span> <span class='ocrx_word' id='word_1_86' title='bbox 1170 977 1215 983; x_wconf 88' lang='lat'>-</span> <span class='ocrx_word' id='word_1_87' title='bbox 1247 963 1339 993; x_wconf 89' lang='lat' dir='ltr'>meo</span> <span class='ocrx_word' id='word_1_88' title='bbox 1379 963 1453 993; x_wconf 87' lang='lat' dir='ltr'>ero</span> <span class='ocrx_word' id='word_1_89' title='bbox 1493 947 1697 993; x_wconf 56' lang='lat' dir='ltr'>{duorsus</span> 
     </span>
     <span class='ocr_line' id='line_1_14' title="bbox 1517 1024 1695 1067; baseline 0.006 -1"><span class='ocrx_word' id='word_1_90' title='bbox 1517 1024 1695 1067; x_wconf 81' lang='lat' dir='ltr'>uenerit.</span> 
     </span>
    </p>
   </div>
   <div class='ocr_carea' id='block_1_5' title="bbox 328 1093 1697 1225">
    <p class='ocr_par' dir='ltr' id='par_1_7' title="bbox 328 1093 1697 1225">
     <span class='ocr_line' id='line_1_15' title="bbox 328 1093 1697 1153; baseline 0.001 -14"><span class='ocrx_word' id='word_1_91' title='bbox 328 1093 504 1151; x_wconf 76' lang='lat' dir='ltr'>Egomet</span> <span class='ocrx_word' id='word_1_92' title='bbox 531 1102 686 1148; x_wconf 81' lang='lat' dir='ltr'>autem,</span> <span class='ocrx_word' id='word_1_93' title='bbox 729 1112 852 1150; x_wconf 89' lang='lat' dir='ltr'>quom</span> <span class='ocrx_word' id='word_1_94' title='bbox 893 1098 1105 1152; x_wconf 74' lang='lat' dir='ltr'>extemplo</span> <span class='ocrx_word' id='word_1_95' title='bbox 1133 1112 1280 1142; x_wconf 84' lang='lat' dir='ltr'>arcum</span> <span class='ocrx_word' id='word_1_96' title='bbox 1309 1103 1351 1142; x_wconf 82' lang='lat' dir='ltr'>et</span> <span class='ocrx_word' id='word_1_97' title='bbox 1378 1099 1626 1153; x_wconf 52' lang='lat' dir='ltr'>pheretram</span> <span class='ocrx_word' id='word_1_98' title='bbox 1654 1104 1697 1142; x_wconf 83' lang='lat' dir='ltr'>et</span> 
     </span>
     <span class='ocr_line' id='line_1_16' title="bbox 1137 1171 1697 1225; baseline -0.002 -11"><span class='ocrx_word' id='word_1_99' title='bbox 1137 1172 1308 1225; x_wconf 73' lang='lat' dir='ltr'>sagittas</span> <span class='ocrx_word' id='word_1_100' title='bbox 1335 1171 1563 1225; x_wconf 79' lang='lat' dir='ltr'>sumpsero,</span> <span class='ocrx_word' id='word_1_101' title='bbox 1617 1174 1697 1214; x_wconf 85' lang='lat'>725</span> 
     </span>
    </p>
   </div>
   <div class='ocr_carea' id='block_1_6' title="bbox 219 1273 1698 1378">
    <p class='ocr_par' dir='ltr' id='par_1_8' title="bbox 219 1273 1698 1378">
     <span class='ocr_line' id='line_1_17' title="bbox 222 1273 1698 1318; baseline 0.002 -10"><span class='ocrx_word' id='word_1_102' title='bbox 222 1274 289 1309; x_wconf 86' lang='lat' dir='ltr'>che</span> <span class='ocrx_word' id='word_1_103' title='bbox 314 1284 389 1309; x_wconf 90' lang='lat' dir='ltr'>non</span> <span class='ocrx_word' id='word_1_104' title='bbox 423 1274 442 1308; x_wconf 74' lang='lat' dir='ltr'>e</span> <span class='ocrx_word' id='word_1_105' title='bbox 472 1285 581 1309; x_wconf 89' lang='lat' dir='ltr'>meno</span> <span class='ocrx_word' id='word_1_106' title='bbox 620 1273 736 1309; x_wconf 88' lang='lat' dir='ltr'>fermo</span> <span class='ocrx_word' id='word_1_107' title='bbox 776 1285 795 1309; x_wconf 89' lang='lat' dir='ltr'>e</span> <span class='ocrx_word' id='word_1_108' title='bbox 833 1274 951 1309; x_wconf 84' lang='lat' dir='ltr'>reciso</span> <span class='ocrx_word' id='word_1_109' title='bbox 982 1274 1019 1309; x_wconf 87' lang='lat' dir='ltr'>di</span> <span class='ocrx_word' id='word_1_110' title='bbox 1045 1275 1171 1318; x_wconf 85' lang='lat' dir='ltr'>quello</span> <span class='ocrx_word' id='word_1_111' title='bbox 1197 1275 1234 1310; x_wconf 88' lang='lat' dir='ltr'>di</span> <span class='ocrx_word' id='word_1_112' title='bbox 1260 1275 1474 1318; x_wconf 83' lang='lat' dir='ltr'>Lesbonico,</span> <span class='ocrx_word' id='word_1_113' title='bbox 1513 1275 1579 1310; x_wconf 74' lang='lat' dir='ltr'>efr-</span> <span class='ocrx_word' id='word_1_114' title='bbox 1615 1274 1698 1311; x_wconf 81' lang='lat'><strong>685.</strong></span> 
     </span>
     <span class='ocr_line' id='line_1_18' title="bbox 219 1331 1697 1378; baseline 0.001 -12"><span class='ocrx_word' id='word_1_115' title='bbox 219 1351 266 1357; x_wconf 92' lang='lat'>-—</span> <span class='ocrx_word' id='word_1_116' title='bbox 364 1331 449 1367; x_wconf 85' lang='lat'>717.</span> <span class='ocrx_word' id='word_1_117' title='bbox 475 1335 548 1367; x_wconf 77' lang='lat' dir='ltr'><em>abit</em></span> <span class='ocrx_word' id='word_1_118' title='bbox 573 1334 630 1368; x_wconf 86' lang='lat' dir='ltr'>eol</span> <span class='ocrx_word' id='word_1_119' title='bbox 657 1334 754 1375; x_wconf 80' lang='lat' dir='ltr'>Reiz,</span> <span class='ocrx_word' id='word_1_120' title='bbox 781 1345 847 1377; x_wconf 88' lang='lat' dir='ltr'>per</span> <span class='ocrx_word' id='word_1_121' title='bbox 873 1336 961 1368; x_wconf 76' lang='lat' dir='ltr'><strong><em>abiit</em></strong></span> <span class='ocrx_word' id='word_1_122' title='bbox 985 1335 1045 1369; x_wconf 87' lang='lat' dir='ltr'>dei</span> <span class='ocrx_word' id='word_1_123' title='bbox 1072 1335 1211 1370; x_wconf 86' lang='lat' dir='ltr'>codici:</span> <span class='ocrx_word' id='word_1_124' title='bbox 1242 1334 1296 1378; x_wconf 86' lang='lat' dir='ltr'>gli</span> <span class='ocrx_word' id='word_1_125' title='bbox 1333 1334 1422 1369; x_wconf 74' lang='lat' dir='ltr'>altri</span> <span class='ocrx_word' id='word_1_126' title='bbox 1459 1333 1595 1370; x_wconf 78' lang='lat' dir='ltr'>editori</span> <span class='ocrx_word' id='word_1_127' title='bbox 1633 1333 1697 1368; x_wconf 87' lang='lat' dir='ltr'>eli-</span> 
     </span>
    </p>
   </div>
   <div class='ocr_carea' id='block_1_7' title="bbox 220 1390 1697 1550">
    <p class='ocr_par' dir='ltr' id='par_1_9' title="bbox 220 1390 1697 1550">
     <span class='ocr_line' id='line_1_19' title="bbox 221 1390 1697 1436; baseline 0.002 -12"><span class='ocrx_word' id='word_1_128' title='bbox 221 1390 372 1426; x_wconf 80' lang='lat' dir='ltr'>minano</span> <span class='ocrx_word' id='word_1_129' title='bbox 397 1391 527 1426; x_wconf 87' lang='lat' dir='ltr'>inveee</span> <span class='ocrx_word' id='word_1_130' title='bbox 558 1402 578 1425; x_wconf 93' lang='grc' dir='ltr'>ο</span> <span class='ocrx_word' id='word_1_131' title='bbox 605 1393 719 1425; x_wconf 83' lang='lat' dir='ltr'>hercle</span> <span class='ocrx_word' id='word_1_132' title='bbox 744 1403 764 1427; x_wconf 91' lang='lat' dir='ltr'>o</span> <span class='ocrx_word' id='word_1_133' title='bbox 791 1394 940 1435; x_wconf 76' lang='lat' dir='ltr'>quidem.</span> <span class='ocrx_word' id='word_1_134' title='bbox 960 1409 1001 1414; x_wconf 92' lang='lat'>—</span> <span class='ocrx_word' id='word_1_135' title='bbox 1021 1395 1143 1436; x_wconf 79' lang='lat' dir='ltr'>ecquid</span> <span class='ocrx_word' id='word_1_136' title='bbox 1168 1394 1273 1427; x_wconf 78' lang='lat' dir='ltr'>audis</span> <span class='ocrx_word' id='word_1_137' title='bbox 1302 1390 1315 1405; x_wconf 72' lang='lat'>⁸</span> <span class='ocrx_word' id='word_1_138' title='bbox 1331 1391 1511 1436; x_wconf 77' lang='lat' dir='ltr'>prestami</span> <span class='ocrx_word' id='word_1_139' title='bbox 1544 1392 1697 1433; x_wconf 78' lang='lat' dir='ltr'>ascolto,</span> 
     </span>
     <span class='ocr_line' id='line_1_20' title="bbox 220 1449 1696 1494; baseline 0.001 -11"><span class='ocrx_word' id='word_1_140' title='bbox 220 1449 431 1483; x_wconf 76' lang='lat' dir='ltr'>attenzione</span> <span class='ocrx_word' id='word_1_141' title='bbox 454 1475 482 1491; x_wconf 53' lang='grc' dir='ltr'><em>Μ</em></span> <span class='ocrx_word' id='word_1_142' title='bbox 522 1449 584 1483; x_wconf 86' lang='lat' dir='ltr'>cfr.</span> <span class='ocrx_word' id='word_1_143' title='bbox 612 1449 712 1483; x_wconf 80' lang='lat' dir='ltr'>Pers.</span> <span class='ocrx_word' id='word_1_144' title='bbox 739 1449 820 1491; x_wconf 73' lang='lat'><em>488,</em></span> <span class='ocrx_word' id='word_1_145' title='bbox 850 1450 982 1493; x_wconf 91' lang='lat' dir='ltr'>Amph.</span> <span class='ocrx_word' id='word_1_146' title='bbox 1009 1451 1076 1485; x_wconf 83' lang='lat'>577</span> <span class='ocrx_word' id='word_1_147' title='bbox 1105 1461 1123 1485; x_wconf 87' lang='lat' dir='ltr'>e</span> <span class='ocrx_word' id='word_1_148' title='bbox 1150 1450 1258 1485; x_wconf 80' lang='lat' dir='ltr'>Most.</span> <span class='ocrx_word' id='word_1_149' title='bbox 1285 1451 1353 1485; x_wconf 88' lang='lat'>906</span> <span class='ocrx_word' id='word_1_150' title='bbox 1379 1452 1501 1494; x_wconf 79' lang='lat' dir='ltr'>ecquid</span> <span class='ocrx_word' id='word_1_151' title='bbox 1520 1451 1696 1494; x_wconf 76' lang='lat' dir='ltr'><strong><em>placent?</em></strong></span> 
     </span>
     <span class='ocr_line' id='line_1_21' title="bbox 220 1507 1696 1550; baseline 0.001 -11"><span class='ocrx_word' id='word_1_152' title='bbox 220 1508 342 1550; x_wconf 78' lang='lat' dir='ltr'>ecquid</span> <span class='ocrx_word' id='word_1_153' title='bbox 360 1508 504 1550; x_wconf 82' lang='lat' dir='ltr'><em>placent</em></span> <span class='ocrx_word' id='word_1_154' title='bbox 530 1519 581 1540; x_wconf 84' lang='lat' dir='ltr'>me</span> <span class='ocrx_word' id='word_1_155' title='bbox 607 1509 744 1550; x_wconf 74' lang='lat' dir='ltr'>royas?</span> <span class='ocrx_word' id='word_1_156' title='bbox 766 1508 841 1550; x_wconf 71' lang='lat' dir='ltr'><em>qu</em></span> <span class='ocrx_word' id='word_1_157' title='bbox 867 1512 897 1541; x_wconf 79' lang='lat' dir='ltr'>te</span> <span class='ocrx_word' id='word_1_158' title='bbox 923 1509 1007 1542; x_wconf 83' lang='lat' dir='ltr'><em>volo.</em></span> <span class='ocrx_word' id='word_1_159' title='bbox 1034 1525 1078 1530; x_wconf 86' lang='lat'>—</span> <span class='ocrx_word' id='word_1_160' title='bbox 1155 1507 1240 1542; x_wconf 89' lang='lat'><strong>719.</strong></span> <span class='ocrx_word' id='word_1_161' title='bbox 1268 1508 1427 1543; x_wconf 79' lang='lat' dir='ltr'>Stasimo</span> <span class='ocrx_word' id='word_1_162' title='bbox 1454 1507 1598 1543; x_wconf 75' lang='lat' dir='ltr'>ritorna</span> <span class='ocrx_word' id='word_1_163' title='bbox 1622 1507 1696 1542; x_wconf 83' lang='lat' dir='ltr'>alle</span> 
     </span>
    </p>
   </div>
   <div class='ocr_carea' id='block_1_8' title="bbox 216 1564 1696 2654">
    <p class='ocr_par' dir='ltr' id='par_1_10' title="bbox 216 1564 1696 2654">
     <span class='ocr_line' id='line_1_22' title="bbox 220 1564 1691 1610; baseline 0.001 -12"><span class='ocrx_word' id='word_1_164' title='bbox 220 1575 283 1599; x_wconf 85' lang='lat' dir='ltr'>sue</span> <span class='ocrx_word' id='word_1_165' title='bbox 322 1564 594 1599; x_wconf 82' lang='lat' dir='ltr'>malineoniehe</span> <span class='ocrx_word' id='word_1_166' title='bbox 631 1564 830 1599; x_wconf 82' lang='lat' dir='ltr'>riflessioni</span> <span class='ocrx_word' id='word_1_167' title='bbox 855 1565 919 1610; x_wconf 62' lang='lat' dir='ltr'>gia</span> <span class='ocrx_word' id='word_1_168' title='bbox 943 1565 1206 1601; x_wconf 79' lang='lat' dir='ltr'>incominciate</span> <span class='ocrx_word' id='word_1_169' title='bbox 1231 1566 1293 1601; x_wconf 89' lang='lat' dir='ltr'>nel</span> <span class='ocrx_word' id='word_1_170' title='bbox 1319 1579 1351 1600; x_wconf 89' lang='lat' dir='ltr'>v.</span> <span class='ocrx_word' id='word_1_171' title='bbox 1378 1567 1445 1600; x_wconf 84' lang='lat'>595</span> <span class='ocrx_word' id='word_1_172' title='bbox 1476 1577 1495 1600; x_wconf 92' lang='lat' dir='ltr'>e</span> <span class='ocrx_word' id='word_1_173' title='bbox 1521 1577 1622 1609; x_wconf 85' lang='lat' dir='ltr'>segg.</span> <span class='ocrx_word' id='word_1_174' title='bbox 1655 1582 1691 1588; x_wconf 95' lang='lat'><em>-</em></span> 
     </span>
     <span class='ocr_line' id='line_1_23' title="bbox 222 1620 1694 1667; baseline 0.003 -13"><span class='ocrx_word' id='word_1_175' title='bbox 222 1621 316 1656; x_wconf 87' lang='lat'>720.</span> <span class='ocrx_word' id='word_1_176' title='bbox 334 1624 778 1665; x_wconf 77' lang='lat' dir='ltr'>fulmenta=fulcimenta</span> <span class='ocrx_word' id='word_1_177' title='bbox 801 1620 814 1635; x_wconf 78' lang='lat'><strong>⁴</strong></span> <span class='ocrx_word' id='word_1_178' title='bbox 831 1634 957 1666; x_wconf 86' lang='lat' dir='ltr'>grosse</span> <span class='ocrx_word' id='word_1_179' title='bbox 977 1624 1080 1658; x_wconf 90' lang='lat' dir='ltr'>suole</span> <span class='ocrx_word' id='word_1_180' title='bbox 1098 1652 1111 1666; x_wconf 89' lang='lat'>,‚</span> <span class='ocrx_word' id='word_1_181' title='bbox 1142 1635 1161 1659; x_wconf 93' lang='lat' dir='ltr'>o</span> <span class='ocrx_word' id='word_1_182' title='bbox 1188 1626 1323 1667; x_wconf 72' lang='lat' dir='ltr'>caliqae</span> <span class='ocrx_word' id='word_1_183' title='bbox 1342 1623 1402 1658; x_wconf 87' lang='lat' dir='ltr'>dei</span> <span class='ocrx_word' id='word_1_184' title='bbox 1428 1623 1602 1658; x_wconf 78' lang='lat' dir='ltr'>militari:</span> <span class='ocrx_word' id='word_1_185' title='bbox 1619 1634 1694 1658; x_wconf 89' lang='lat' dir='ltr'>non</span> 
     </span>
     <span class='ocr_line' id='line_1_24' title="bbox 220 1680 1694 1726; baseline 0.001 -12"><span class='ocrx_word' id='word_1_186' title='bbox 220 1681 422 1716; x_wconf 79' lang='lat' dir='ltr'>s&#39;ineontra.</span> <span class='ocrx_word' id='word_1_187' title='bbox 448 1681 589 1716; x_wconf 76' lang='lat' dir='ltr'>altrove</span> <span class='ocrx_word' id='word_1_188' title='bbox 617 1681 655 1715; x_wconf 84' lang='lat' dir='ltr'>in</span> <span class='ocrx_word' id='word_1_189' title='bbox 682 1681 825 1722; x_wconf 77' lang='lat' dir='ltr'>Plauto,</span> <span class='ocrx_word' id='word_1_190' title='bbox 865 1693 926 1716; x_wconf 84' lang='lat' dir='ltr'>ma</span> <span class='ocrx_word' id='word_1_191' title='bbox 952 1683 970 1716; x_wconf 77' lang='lat' dir='ltr'>e</span> <span class='ocrx_word' id='word_1_192' title='bbox 996 1681 1092 1717; x_wconf 74' lang='lat' dir='ltr'><strong>fatto</strong></span> <span class='ocrx_word' id='word_1_193' title='bbox 1126 1684 1213 1726; x_wconf 60' lang='lat' dir='ltr'>pert&gt;</span> <span class='ocrx_word' id='word_1_194' title='bbox 1249 1682 1287 1716; x_wconf 80' lang='lat' dir='ltr'>di</span> <span class='ocrx_word' id='word_1_195' title='bbox 1312 1692 1448 1725; x_wconf 87' lang='lat' dir='ltr'>genere</span> <span class='ocrx_word' id='word_1_196' title='bbox 1486 1680 1694 1716; x_wconf 76' lang='lat' dir='ltr'>femminile</span> 
     </span>
     <span class='ocr_line' id='line_1_25' title="bbox 221 1738 1695 1781; baseline 0 -8"><span class='ocrx_word' id='word_1_197' title='bbox 221 1739 337 1774; x_wconf 84' lang='lat' dir='ltr'>anche</span> <span class='ocrx_word' id='word_1_198' title='bbox 363 1739 401 1773; x_wconf 88' lang='lat' dir='ltr'>in</span> <span class='ocrx_word' id='word_1_199' title='bbox 428 1739 569 1774; x_wconf 87' lang='lat' dir='ltr'>Lucilio</span> <span class='ocrx_word' id='word_1_200' title='bbox 599 1741 631 1781; x_wconf 88' lang='lat'>4,</span> <span class='ocrx_word' id='word_1_201' title='bbox 658 1740 703 1775; x_wconf 86' lang='lat'>29</span> <span class='ocrx_word' id='word_1_202' title='bbox 729 1751 748 1774; x_wconf 89' lang='lat' dir='ltr'>e</span> <span class='ocrx_word' id='word_1_203' title='bbox 774 1740 812 1774; x_wconf 87' lang='lat' dir='ltr'>in</span> <span class='ocrx_word' id='word_1_204' title='bbox 839 1740 989 1781; x_wconf 82' lang='lat' dir='ltr'>Cat-one,</span> <span class='ocrx_word' id='word_1_205' title='bbox 1020 1740 1065 1775; x_wconf 91' lang='lat' dir='ltr'>de</span> <span class='ocrx_word' id='word_1_206' title='bbox 1091 1751 1129 1775; x_wconf 87' lang='lat' dir='ltr'>re</span> <span class='ocrx_word' id='word_1_207' title='bbox 1159 1742 1261 1780; x_wconf 63' lang='lat' dir='ltr'>rust„</span> <span class='ocrx_word' id='word_1_208' title='bbox 1289 1741 1349 1780; x_wconf 88' lang='lat'>14;</span> <span class='ocrx_word' id='word_1_209' title='bbox 1376 1739 1439 1774; x_wconf 82' lang='lat' dir='ltr'><strong>cfr.</strong></span> <span class='ocrx_word' id='word_1_210' title='bbox 1467 1739 1600 1774; x_wconf 81' lang='lat' dir='ltr'><strong>Bacch.</strong></span> <span class='ocrx_word' id='word_1_211' title='bbox 1627 1738 1695 1773; x_wconf 84' lang='lat'>332</span> 
     </span>
     <span class='ocr_line' id='line_1_26' title="bbox 218 1797 1696 1842; baseline 0.001 -12"><span class='ocrx_word' id='word_1_212' title='bbox 218 1799 323 1840; x_wconf 80' lang='lat' dir='ltr'>quine</span> <span class='ocrx_word' id='word_1_213' title='bbox 348 1809 439 1831; x_wconf 82' lang='lat' dir='ltr'><em>auro</em></span> <span class='ocrx_word' id='word_1_214' title='bbox 464 1799 588 1832; x_wconf 80' lang='lat' dir='ltr'>habeat</span> <span class='ocrx_word' id='word_1_215' title='bbox 600 1800 709 1832; x_wconf 80' lang='lat' dir='ltr'>soccis</span> <span class='ocrx_word' id='word_1_216' title='bbox 723 1803 932 1842; x_wconf 78' lang='lat' dir='ltr'>suppactum</span> <span class='ocrx_word' id='word_1_217' title='bbox 956 1799 1069 1832; x_wconf 83' lang='lat' dir='ltr'>solum</span> <span class='ocrx_word' id='word_1_218' title='bbox 1084 1800 1102 1831; x_wconf 67' lang='grc' dir='ltr'>,ἕ</span> <span class='ocrx_word' id='word_1_219' title='bbox 1118 1815 1161 1820; x_wconf 88' lang='grc'>-</span> <span class='ocrx_word' id='word_1_220' title='bbox 1175 1800 1296 1839; x_wconf 64' lang='grc' dir='ltr'>εουοίε,</span> <span class='ocrx_word' id='word_1_221' title='bbox 1315 1797 1372 1832; x_wconf 89' lang='lat' dir='ltr'>col</span> <span class='ocrx_word' id='word_1_222' title='bbox 1386 1797 1610 1839; x_wconf 78' lang='lat' dir='ltr'>Camerario,</span> <span class='ocrx_word' id='word_1_223' title='bbox 1628 1808 1696 1841; x_wconf 82' lang='lat' dir='ltr'>pet</span> 
     </span>
     <span class='ocr_line' id='line_1_27' title="bbox 218 1855 1695 1899; baseline 0 -10"><span class='ocrx_word' id='word_1_224' title='bbox 218 1857 330 1890; x_wconf 82' lang='lat' dir='ltr'>socios</span> <span class='ocrx_word' id='word_1_225' title='bbox 355 1855 416 1890; x_wconf 85' lang='lat' dir='ltr'>dei</span> <span class='ocrx_word' id='word_1_226' title='bbox 442 1856 544 1890; x_wconf 84' lang='lat' dir='ltr'><strong>codd.</strong></span> <span class='ocrx_word' id='word_1_227' title='bbox 571 1876 614 1880; x_wconf 92' lang='lat'>—</span> <span class='ocrx_word' id='word_1_228' title='bbox 640 1868 711 1890; x_wconf 77' lang='lat' dir='ltr'>non</span> <span class='ocrx_word' id='word_1_229' title='bbox 743 1858 825 1890; x_wconf 78' lang='lat' dir='ltr'>sisti</span> <span class='ocrx_word' id='word_1_230' title='bbox 854 1862 967 1899; x_wconf 82' lang='lat' dir='ltr'>potest</span> <span class='ocrx_word' id='word_1_231' title='bbox 993 1857 1012 1890; x_wconf 78' lang='lat' dir='ltr'>e</span> <span class='ocrx_word' id='word_1_232' title='bbox 1039 1855 1334 1899; x_wconf 83' lang='lat' dir='ltr'>un&#39;espressione</span> <span class='ocrx_word' id='word_1_233' title='bbox 1359 1857 1468 1890; x_wconf 73' lang='lat' dir='ltr'>usata</span> <span class='ocrx_word' id='word_1_234' title='bbox 1484 1855 1695 1899; x_wconf 74' lang='lat' dir='ltr'>frequente-</span> 
     </span>
     <span class='ocr_line' id='line_1_28' title="bbox 220 1911 1694 1958; baseline 0 -11"><span class='ocrx_word' id='word_1_235' title='bbox 220 1915 346 1948; x_wconf 78' lang='lat' dir='ltr'>mente</span> <span class='ocrx_word' id='word_1_236' title='bbox 373 1913 420 1948; x_wconf 85' lang='lat' dir='ltr'>da</span> <span class='ocrx_word' id='word_1_237' title='bbox 447 1913 572 1949; x_wconf 86' lang='lat' dir='ltr'>Livio:</span> <span class='ocrx_word' id='word_1_238' title='bbox 604 1911 616 1926; x_wconf 87' lang='lat'>“</span> <span class='ocrx_word' id='word_1_239' title='bbox 639 1926 712 1949; x_wconf 91' lang='lat' dir='ltr'>non</span> <span class='ocrx_word' id='word_1_240' title='bbox 739 1914 770 1949; x_wconf 89' lang='lat' dir='ltr'>si</span> <span class='ocrx_word' id='word_1_241' title='bbox 796 1916 868 1958; x_wconf 69' lang='lat' dir='ltr'>pub</span> <span class='ocrx_word' id='word_1_242' title='bbox 887 1914 952 1958; x_wconf 75' lang='lat' dir='ltr'>piu</span> <span class='ocrx_word' id='word_1_243' title='bbox 970 1916 1048 1948; x_wconf 79' lang='lat' dir='ltr'>star</span> <span class='ocrx_word' id='word_1_244' title='bbox 1064 1914 1185 1954; x_wconf 77' lang='lat' dir='ltr'>sormi,</span> <span class='ocrx_word' id='word_1_245' title='bbox 1203 1925 1277 1948; x_wconf 89' lang='lat' dir='ltr'>non</span> <span class='ocrx_word' id='word_1_246' title='bbox 1295 1913 1327 1948; x_wconf 91' lang='lat' dir='ltr'>ci</span> <span class='ocrx_word' id='word_1_247' title='bbox 1346 1915 1365 1948; x_wconf 77' lang='lat' dir='ltr'>e</span> <span class='ocrx_word' id='word_1_248' title='bbox 1383 1913 1479 1948; x_wconf 67' lang='lat' dir='ltr'>altro</span> <span class='ocrx_word' id='word_1_249' title='bbox 1498 1924 1647 1957; x_wconf 82' lang='lat' dir='ltr'>scampo</span> <span class='ocrx_word' id='word_1_250' title='bbox 1665 1940 1694 1956; x_wconf 82' lang='lat'>„.</span> 
     </span>
     <span class='ocr_line' id='line_1_29' title="bbox 220 1970 1695 2016; baseline 0.001 -12"><span class='ocrx_word' id='word_1_251' title='bbox 220 1989 265 1994; x_wconf 97' lang='lat'><strong>—</strong></span> <span class='ocrx_word' id='word_1_252' title='bbox 316 1970 401 2006; x_wconf 90' lang='lat'>721.</span> <span class='ocrx_word' id='word_1_253' title='bbox 429 1973 552 2006; x_wconf 68' lang='lat' dir='ltr'>cucula</span> <span class='ocrx_word' id='word_1_254' title='bbox 566 1985 611 1998; x_wconf 92' lang='lat'><strong><em>=</em></strong></span> <span class='ocrx_word' id='word_1_255' title='bbox 624 1984 747 2006; x_wconf 77' lang='lat' dir='ltr'>servus</span> <span class='ocrx_word' id='word_1_256' title='bbox 772 1974 900 2006; x_wconf 75' lang='lat' dir='ltr'>militis</span> <span class='ocrx_word' id='word_1_257' title='bbox 919 1972 1046 2007; x_wconf 76' lang='lat' dir='ltr'>Festus</span> <span class='ocrx_word' id='word_1_258' title='bbox 1065 1972 1172 2006; x_wconf 83' lang='lat' dir='ltr'>Pauli</span> <span class='ocrx_word' id='word_1_259' title='bbox 1198 1983 1233 2015; x_wconf 89' lang='lat' dir='ltr'>p.</span> <span class='ocrx_word' id='word_1_260' title='bbox 1258 1972 1315 2013; x_wconf 89' lang='grc'>45,</span> <span class='ocrx_word' id='word_1_261' title='bbox 1334 1971 1398 2006; x_wconf 83' lang='lat' dir='ltr'><strong>cfr.</strong></span> <span class='ocrx_word' id='word_1_262' title='bbox 1416 1971 1547 2006; x_wconf 86' lang='lat' dir='ltr'>Pseud.</span> <span class='ocrx_word' id='word_1_263' title='bbox 1566 1971 1653 2016; x_wconf 81' lang='lat' dir='ltr'>Arg.</span> <span class='ocrx_word' id='word_1_264' title='bbox 1671 1972 1695 2006; x_wconf 85' lang='lat'>4</span> 
     </span>
     <span class='ocr_line' id='line_1_30' title="bbox 219 2027 1693 2073; baseline 0.001 -9"><span class='ocrx_word' id='word_1_265' title='bbox 219 2031 410 2064; x_wconf 77' lang='lat' dir='ltr'>venientem</span> <span class='ocrx_word' id='word_1_266' title='bbox 435 2031 595 2064; x_wconf 82' lang='lat' dir='ltr'>caculam</span> <span class='ocrx_word' id='word_1_267' title='bbox 620 2032 825 2064; x_wconf 74' lang='lat' dir='ltr'>intervortae&#39;t</span> <span class='ocrx_word' id='word_1_268' title='bbox 842 2031 1004 2073; x_wconf 65' lang='lat' dir='ltr'>symbolo.</span> <span class='ocrx_word' id='word_1_269' title='bbox 1024 2049 1066 2054; x_wconf 91' lang='lat'><em>—</em></span> <span class='ocrx_word' id='word_1_270' title='bbox 1086 2031 1182 2063; x_wconf 78' lang='lat' dir='ltr'><strong><em>haud</em></strong></span> <span class='ocrx_word' id='word_1_271' title='bbox 1198 2031 1338 2073; x_wconf 78' lang='lat' dir='ltr'>lonyius</span> <span class='ocrx_word' id='word_1_272' title='bbox 1354 2043 1400 2055; x_wconf 92' lang='lat'>=</span> <span class='ocrx_word' id='word_1_273' title='bbox 1421 2027 1434 2042; x_wconf 84' lang='lat'>“</span> <span class='ocrx_word' id='word_1_274' title='bbox 1457 2031 1515 2064; x_wconf 76' lang='lat' dir='ltr'>tra</span> <span class='ocrx_word' id='word_1_275' title='bbox 1531 2029 1644 2064; x_wconf 84' lang='lat' dir='ltr'>breve</span> <span class='ocrx_word' id='word_1_276' title='bbox 1665 2056 1693 2072; x_wconf 81' lang='lat'>„.</span> 
     </span>
     <span class='ocr_line' id='line_1_31' title="bbox 220 2086 1694 2131; baseline 0.001 -10"><span class='ocrx_word' id='word_1_277' title='bbox 220 2105 263 2110; x_wconf 90' lang='lat'>--</span> <span class='ocrx_word' id='word_1_278' title='bbox 315 2087 409 2122; x_wconf 88' lang='lat'>722.</span> <span class='ocrx_word' id='word_1_279' title='bbox 435 2089 474 2122; x_wconf 79' lang='lat' dir='ltr'>in</span> <span class='ocrx_word' id='word_1_280' title='bbox 500 2095 665 2131; x_wconf 61' lang='lat' dir='ltr'>saginam</span> <span class='ocrx_word' id='word_1_281' title='bbox 695 2086 706 2100; x_wconf 86' lang='lat'>&#39;‘</span> <span class='ocrx_word' id='word_1_282' title='bbox 730 2088 765 2122; x_wconf 78' lang='lat' dir='ltr'>al</span> <span class='ocrx_word' id='word_1_283' title='bbox 791 2089 893 2122; x_wconf 90' lang='lat' dir='ltr'>soldo</span> <span class='ocrx_word' id='word_1_284' title='bbox 917 2114 945 2130; x_wconf 80' lang='lat'>„.</span> <span class='ocrx_word' id='word_1_285' title='bbox 971 2107 1016 2112; x_wconf 87' lang='lat'><em>—</em></span> <span class='ocrx_word' id='word_1_286' title='bbox 1041 2099 1113 2121; x_wconf 83' lang='lat' dir='ltr'>sese</span> <span class='ocrx_word' id='word_1_287' title='bbox 1131 2089 1267 2129; x_wconf 77' lang='lat' dir='ltr'>conicit,</span> <span class='ocrx_word' id='word_1_288' title='bbox 1283 2098 1350 2131; x_wconf 83' lang='lat' dir='ltr'>per</span> <span class='ocrx_word' id='word_1_289' title='bbox 1375 2099 1449 2122; x_wconf 83' lang='lat' dir='ltr'>sese</span> <span class='ocrx_word' id='word_1_290' title='bbox 1473 2089 1610 2122; x_wconf 77' lang='lat' dir='ltr'>conient</span> <span class='ocrx_word' id='word_1_291' title='bbox 1632 2087 1694 2123; x_wconf 88' lang='lat' dir='ltr'>dei</span> 
     </span>
     <span class='ocr_line' id='line_1_32' title="bbox 219 2143 1694 2189; baseline 0.001 -9"><span class='ocrx_word' id='word_1_292' title='bbox 219 2145 348 2180; x_wconf 84' lang='lat' dir='ltr'>codici.</span> <span class='ocrx_word' id='word_1_293' title='bbox 367 2145 448 2181; x_wconf 92' lang='lat' dir='ltr'>Non</span> <span class='ocrx_word' id='word_1_294' title='bbox 474 2146 583 2180; x_wconf 86' lang='lat' dir='ltr'>credo</span> <span class='ocrx_word' id='word_1_295' title='bbox 602 2146 810 2180; x_wconf 81' lang='lat' dir='ltr'>necessarie</span> <span class='ocrx_word' id='word_1_296' title='bbox 826 2146 920 2180; x_wconf 78' lang='lat' dir='ltr'>altre</span> <span class='ocrx_word' id='word_1_297' title='bbox 936 2145 1201 2180; x_wconf 83' lang='lat' dir='ltr'>emendazioni.</span> <span class='ocrx_word' id='word_1_298' title='bbox 1228 2165 1273 2170; x_wconf 92' lang='lat'><strong>—</strong></span> <span class='ocrx_word' id='word_1_299' title='bbox 1324 2144 1419 2179; x_wconf 86' lang='lat'>723.</span> <span class='ocrx_word' id='word_1_300' title='bbox 1437 2147 1485 2180; x_wconf 82' lang='lat' dir='ltr'>ad</span> <span class='ocrx_word' id='word_1_301' title='bbox 1505 2143 1518 2158; x_wconf 76' lang='lat'>⁸</span> <span class='ocrx_word' id='word_1_302' title='bbox 1539 2157 1694 2189; x_wconf 86' lang='lat' dir='ltr'>parago-</span> 
     </span>
     <span class='ocr_line' id='line_1_33' title="bbox 219 2202 1695 2248; baseline 0.001 -11"><span class='ocrx_word' id='word_1_303' title='bbox 219 2206 307 2239; x_wconf 77' lang='lat' dir='ltr'>nato</span> <span class='ocrx_word' id='word_1_304' title='bbox 333 2215 412 2245; x_wconf 87' lang='lat' dir='ltr'>eon,</span> <span class='ocrx_word' id='word_1_305' title='bbox 439 2203 477 2237; x_wconf 90' lang='lat' dir='ltr'>in</span> <span class='ocrx_word' id='word_1_306' title='bbox 506 2215 691 2247; x_wconf 78' lang='lat' dir='ltr'>paragone</span> <span class='ocrx_word' id='word_1_307' title='bbox 719 2204 756 2238; x_wconf 86' lang='lat' dir='ltr'>di</span> <span class='ocrx_word' id='word_1_308' title='bbox 778 2231 806 2246; x_wconf 85' lang='lat'>„‚</span> <span class='ocrx_word' id='word_1_309' title='bbox 845 2204 908 2238; x_wconf 86' lang='lat' dir='ltr'><strong>cfr.</strong></span> <span class='ocrx_word' id='word_1_310' title='bbox 935 2202 1039 2247; x_wconf 79' lang='lat' dir='ltr'>Capt.</span> <span class='ocrx_word' id='word_1_311' title='bbox 1065 2204 1097 2246; x_wconf 87' lang='lat'>2,</span> <span class='ocrx_word' id='word_1_312' title='bbox 1124 2204 1156 2245; x_wconf 85' lang='lat'>2,</span> <span class='ocrx_word' id='word_1_313' title='bbox 1183 2204 1226 2238; x_wconf 86' lang='lat'>25</span> <span class='ocrx_word' id='word_1_314' title='bbox 1257 2205 1385 2238; x_wconf 80' lang='lat' dir='ltr'>Thales</span> <span class='ocrx_word' id='word_1_315' title='bbox 1409 2205 1457 2238; x_wconf 83' lang='lat' dir='ltr'>ad</span> <span class='ocrx_word' id='word_1_316' title='bbox 1480 2205 1695 2248; x_wconf 76' lang='lat' dir='ltr'>sapientiam</span> 
     </span>
     <span class='ocr_line' id='line_1_34' title="bbox 217 2261 1693 2306; baseline 0.001 -11"><span class='ocrx_word' id='word_1_317' title='bbox 217 2263 324 2296; x_wconf 76' lang='lat' dir='ltr'>huius</span> <span class='ocrx_word' id='word_1_318' title='bbox 348 2264 483 2296; x_wconf 77' lang='lat' dir='ltr'>nimius</span> <span class='ocrx_word' id='word_1_319' title='bbox 520 2268 673 2305; x_wconf 60' lang='lat' dir='ltr'>nugator</span> <span class='ocrx_word' id='word_1_320' title='bbox 699 2264 781 2305; x_wconf 79' lang='lat' dir='ltr'>fuit.</span> <span class='ocrx_word' id='word_1_321' title='bbox 809 2282 853 2286; x_wconf 89' lang='lat'>—</span> <span class='ocrx_word' id='word_1_322' title='bbox 889 2263 1079 2305; x_wconf 68' lang='lat' dir='ltr'>fzcyitorem</span> <span class='ocrx_word' id='word_1_323' title='bbox 1105 2263 1124 2297; x_wconf 75' lang='lat' dir='ltr'>e</span> <span class='ocrx_word' id='word_1_324' title='bbox 1150 2262 1215 2306; x_wconf 89' lang='lat' dir='ltr'>qui</span> <span class='ocrx_word' id='word_1_325' title='bbox 1253 2262 1454 2306; x_wconf 81' lang='lat' dir='ltr'>adoperato</span> <span class='ocrx_word' id='word_1_326' title='bbox 1488 2261 1693 2306; x_wconf 78' lang='lat' dir='ltr'>inaspet—</span> 
     </span>
     <span class='ocr_line' id='line_1_35' title="bbox 218 2319 1693 2365; baseline 0.001 -11"><span class='ocrx_word' id='word_1_327' title='bbox 218 2321 492 2365; x_wconf 69' lang='lat' dir='ltr'>tataxuente,</span> <span class='ocrx_word' id='word_1_328' title='bbox 520 2320 618 2360; x_wconf 86' lang='grc' dir='ltr'>παρὰ</span> <span class='ocrx_word' id='word_1_329' title='bbox 643 2319 878 2362; x_wconf 75' lang='grc' dir='ltr'>προσδοκίαν,</span> <span class='ocrx_word' id='word_1_330' title='bbox 904 2320 944 2354; x_wconf 87' lang='lat' dir='ltr'>in</span> <span class='ocrx_word' id='word_1_331' title='bbox 969 2320 1080 2363; x_wconf 83' lang='lat' dir='ltr'>luogo</span> <span class='ocrx_word' id='word_1_332' title='bbox 1107 2320 1144 2354; x_wconf 89' lang='lat' dir='ltr'>di</span> <span class='ocrx_word' id='word_1_333' title='bbox 1170 2321 1381 2361; x_wconf 73' lang='lat' dir='ltr'>bellatorem,</span> <span class='ocrx_word' id='word_1_334' title='bbox 1400 2319 1479 2354; x_wconf 80' lang='lat' dir='ltr'>ede</span> <span class='ocrx_word' id='word_1_335' title='bbox 1497 2320 1535 2354; x_wconf 87' lang='lat' dir='ltr'>di</span> <span class='ocrx_word' id='word_1_336' title='bbox 1551 2320 1693 2363; x_wconf 80' lang='lat' dir='ltr'>grande</span> 
     </span>
     <span class='ocr_line' id='line_1_36' title="bbox 217 2377 1693 2422; baseline 0 -10"><span class='ocrx_word' id='word_1_337' title='bbox 217 2377 345 2413; x_wconf 77' lang='lat' dir='ltr'>effetto</span> <span class='ocrx_word' id='word_1_338' title='bbox 371 2378 522 2420; x_wconf 82' lang='lat' dir='ltr'>comico,</span> <span class='ocrx_word' id='word_1_339' title='bbox 550 2377 586 2412; x_wconf 85' lang='lat' dir='ltr'>al</span> <span class='ocrx_word' id='word_1_340' title='bbox 610 2377 693 2421; x_wconf 83' lang='lat' dir='ltr'>pari</span> <span class='ocrx_word' id='word_1_341' title='bbox 718 2377 911 2412; x_wconf 80' lang='lat' dir='ltr'>dell&#39;illum</span> <span class='ocrx_word' id='word_1_342' title='bbox 935 2380 996 2422; x_wconf 77' lang='lat' dir='ltr'>qui</span> <span class='ocrx_word' id='word_1_343' title='bbox 1014 2378 1074 2412; x_wconf 91' lang='lat' dir='ltr'>del</span> <span class='ocrx_word' id='word_1_344' title='bbox 1093 2389 1197 2413; x_wconf 86' lang='lat' dir='ltr'>verso</span> <span class='ocrx_word' id='word_1_345' title='bbox 1216 2380 1406 2421; x_wconf 83' lang='lat' dir='ltr'>seguente,</span> <span class='ocrx_word' id='word_1_346' title='bbox 1425 2377 1492 2412; x_wconf 79' lang='lat' dir='ltr'>che</span> <span class='ocrx_word' id='word_1_347' title='bbox 1509 2377 1693 2422; x_wconf 88' lang='lat' dir='ltr'>parrebbe</span> 
     </span>
     <span class='ocr_line' id='line_1_37' title="bbox 217 2435 1693 2480; baseline 0.001 -10"><span class='ocrx_word' id='word_1_348' title='bbox 217 2447 239 2470; x_wconf 84' lang='lat' dir='ltr'>a</span> <span class='ocrx_word' id='word_1_349' title='bbox 264 2435 386 2480; x_wconf 82' lang='lat' dir='ltr'>prima</span> <span class='ocrx_word' id='word_1_350' title='bbox 411 2436 508 2470; x_wconf 77' lang='lat' dir='ltr'>vista</span> <span class='ocrx_word' id='word_1_351' title='bbox 533 2436 678 2471; x_wconf 75' lang='lat' dir='ltr'>riferito</span> <span class='ocrx_word' id='word_1_352' title='bbox 705 2435 740 2470; x_wconf 85' lang='lat' dir='ltr'>al</span> <span class='ocrx_word' id='word_1_353' title='bbox 766 2436 929 2480; x_wconf 87' lang='lat' dir='ltr'>padrone</span> <span class='ocrx_word' id='word_1_354' title='bbox 956 2436 993 2470; x_wconf 93' lang='lat' dir='ltr'>di</span> <span class='ocrx_word' id='word_1_355' title='bbox 1020 2435 1192 2477; x_wconf 80' lang='lat' dir='ltr'>Stasimo,</span> <span class='ocrx_word' id='word_1_356' title='bbox 1219 2438 1363 2471; x_wconf 74' lang='lat' dir='ltr'>mentre</span> <span class='ocrx_word' id='word_1_357' title='bbox 1381 2435 1511 2471; x_wconf 87' lang='lat' dir='ltr'>invece</span> <span class='ocrx_word' id='word_1_358' title='bbox 1529 2447 1693 2471; x_wconf 85' lang='lat' dir='ltr'>aceenna</span> 
     </span>
     <span class='ocr_line' id='line_1_38' title="bbox 217 2492 1691 2537; baseline 0.001 -10"><span class='ocrx_word' id='word_1_359' title='bbox 217 2493 494 2529; x_wconf 81' lang='lat' dir='ltr'>all&#39;avversario</span> <span class='ocrx_word' id='word_1_360' title='bbox 522 2494 560 2528; x_wconf 86' lang='lat' dir='ltr'>di</span> <span class='ocrx_word' id='word_1_361' title='bbox 585 2494 661 2537; x_wconf 84' lang='lat' dir='ltr'>lui;</span> <span class='ocrx_word' id='word_1_362' title='bbox 689 2494 753 2529; x_wconf 89' lang='lat' dir='ltr'>cfr.</span> <span class='ocrx_word' id='word_1_363' title='bbox 786 2494 903 2529; x_wconf 83' lang='lat' dir='ltr'>anche</span> <span class='ocrx_word' id='word_1_364' title='bbox 929 2506 963 2529; x_wconf 84' lang='lat' dir='ltr'>v,</span> <span class='ocrx_word' id='word_1_365' title='bbox 991 2494 1069 2528; x_wconf 85' lang='lat'>725.</span> <span class='ocrx_word' id='word_1_366' title='bbox 1096 2511 1140 2517; x_wconf 91' lang='lat'>—</span> <span class='ocrx_word' id='word_1_367' title='bbox 1169 2492 1262 2528; x_wconf 87' lang='lat'>724.</span> <span class='ocrx_word' id='word_1_368' title='bbox 1281 2506 1354 2529; x_wconf 86' lang='lat' dir='ltr'>meo</span> <span class='ocrx_word' id='word_1_369' title='bbox 1379 2506 1451 2536; x_wconf 86' lang='lat' dir='ltr'>ero,</span> <span class='ocrx_word' id='word_1_370' title='bbox 1478 2493 1535 2529; x_wconf 90' lang='lat' dir='ltr'>coi</span> <span class='ocrx_word' id='word_1_371' title='bbox 1560 2493 1691 2529; x_wconf 81' lang='lat' dir='ltr'>codici.</span> 
     </span>
     <span class='ocr_line' id='line_1_39' title="bbox 216 2551 1693 2596; baseline 0 -10"><span class='ocrx_word' id='word_1_372' title='bbox 216 2551 247 2585; x_wconf 93' lang='lat' dir='ltr'>Il</span> <span class='ocrx_word' id='word_1_373' title='bbox 274 2552 404 2593; x_wconf 75' lang='lat' dir='ltr'>Bothe,</span> <span class='ocrx_word' id='word_1_374' title='bbox 421 2563 487 2596; x_wconf 83' lang='lat' dir='ltr'>per</span> <span class='ocrx_word' id='word_1_375' title='bbox 501 2552 621 2586; x_wconf 82' lang='lat' dir='ltr'>evitat</span> <span class='ocrx_word' id='word_1_376' title='bbox 647 2551 829 2587; x_wconf 85' lang='lat' dir='ltr'>l&#39;elisione</span> <span class='ocrx_word' id='word_1_377' title='bbox 856 2552 893 2586; x_wconf 82' lang='lat' dir='ltr'>di</span> <span class='ocrx_word' id='word_1_378' title='bbox 919 2564 992 2586; x_wconf 85' lang='lat' dir='ltr'>meo</span> <span class='ocrx_word' id='word_1_379' title='bbox 1018 2564 1087 2587; x_wconf 87' lang='lat' dir='ltr'>con</span> <span class='ocrx_word' id='word_1_380' title='bbox 1112 2563 1183 2593; x_wconf 88' lang='lat' dir='ltr'>ero,</span> <span class='ocrx_word' id='word_1_381' title='bbox 1209 2552 1244 2588; x_wconf 93' lang='lat' dir='ltr'>lo</span> <span class='ocrx_word' id='word_1_382' title='bbox 1272 2551 1426 2587; x_wconf 85' lang='lat' dir='ltr'>elimina</span> <span class='ocrx_word' id='word_1_383' title='bbox 1455 2551 1693 2595; x_wconf 79' lang='lat' dir='ltr'>addirittura,</span> 
     </span>
     <span class='ocr_line' id='line_1_40' title="bbox 217 2609 1695 2654; baseline 0.001 -10"><span class='ocrx_word' id='word_1_384' title='bbox 217 2609 450 2645; x_wconf 74' lang='lat' dir='ltr'>sostituendo</span> <span class='ocrx_word' id='word_1_385' title='bbox 476 2609 594 2645; x_wconf 71' lang='lat' dir='ltr'>l&#39;iato.</span> <span class='ocrx_word' id='word_1_386' title='bbox 620 2629 665 2635; x_wconf 92' lang='lat'><strong>—</strong></span> <span class='ocrx_word' id='word_1_387' title='bbox 740 2609 835 2645; x_wconf 87' lang='lat'>725.</span> <span class='ocrx_word' id='word_1_388' title='bbox 861 2622 964 2654; x_wconf 82' lang='lat' dir='ltr'>quom</span> <span class='ocrx_word' id='word_1_389' title='bbox 989 2611 1171 2654; x_wconf 71' lang='lat' dir='ltr'>extemplo,</span> <span class='ocrx_word' id='word_1_390' title='bbox 1198 2610 1261 2644; x_wconf 88' lang='lat' dir='ltr'><strong>cfr.</strong></span> <span class='ocrx_word' id='word_1_391' title='bbox 1287 2622 1322 2644; x_wconf 93' lang='lat' dir='ltr'>n.</span> <span class='ocrx_word' id='word_1_392' title='bbox 1349 2610 1429 2645; x_wconf 83' lang='grc'>242.</span> <span class='ocrx_word' id='word_1_393' title='bbox 1459 2627 1496 2632; x_wconf 94' lang='lat'>—-</span> <span class='ocrx_word' id='word_1_394' title='bbox 1525 2609 1541 2644; x_wconf 96' lang='lat' dir='ltr'>I</span> <span class='ocrx_word' id='word_1_395' title='bbox 1566 2621 1695 2646; x_wconf 80' lang='lat' dir='ltr'>mano-</span> 
     </span>
    </p>
   </div>
   <div class='ocr_carea' id='block_1_9' title="bbox 777 2718 864 2739">
    <p class='ocr_par' dir='ltr' id='par_1_11' title="bbox 777 2718 864 2739">
     <span class='ocr_line' id='line_1_41' title="bbox 777 2718 864 2739; baseline 0.011 -1"><span class='ocrx_word' id='word_1_396' title='bbox 777 2718 864 2739; x_wconf 39' lang='lat' dir='ltr'>amm:</span> 
     </span>
    </p>
   </div>
  </div>
 </body>
</html>
