1818 2973
243 111 288 146 53
829 122 867 145 M.
895 119 975 145 Acci
999 120 1131 145 pmcn

350 204 481 249 Quom
510 201 623 241 illam
651 195 937 252 importunam
967 199 1257 251 tempestatem
1287 198 1463 242 conciet.

352 278 429 317 Sed
459 276 712 327 aperiuntur
740 274 864 315 aedes
893 287 974 326 quo
1002 275 1132 315 ibam:
1160 273 1422 315 commodum
1641 278 1720 316 400

352 354 444 403 Ipse
473 349 561 392 exit
590 345 843 391 Lesbonicus
871 362 967 391 cum
997 349 1121 391 seruo
1148 350 1272 390 foras.
1644 380 1693 403 ,20

580 515 865 555 LESBONICVS.
921 516 1152 554 STASIMVS.
1209 516 1386 553 Pfflmo.

248 646 319 683 LE.
350 643 485 683 Minus
515 637 752 692 quindecim
783 641 870 682 dies
898 645 1006 690 sunt,
1038 654 1162 694 quom
1193 653 1268 693 pro
1296 643 1413 683 hisce
1441 641 1614 683 aedibus

353 716 487 757 Minas
516 718 794 769 quadraginta
823 716 1021 768 accepisti
1050 730 1073 758 a
1102 716 1298 758 Callicle:

355 796 479 833 Estne
508 792 589 833 1100
617 794 724 843 quod
754 793 856 839 dico,
887 791 1092 833 Stasime2
1147 796 1212 832 ST.
1244 796 1374 841 Quom
1403 788 1632 840 considero,

355 864 591 909 Meminisse
620 869 765 908 uideor
796 868 899 908 fieri.
956 870 1028 908 LE,
1056 869 1161 915 Quid
1190 864 1386 907 factumst
1414 871 1492 908 eo?
1643 869 1722 907 405

249 947 316 985 ST.
349 941 561 991 Exessum,
591 946 805 994 expotum,
834 940 1076 991 extinctum,
1107 944 1300 983 exlutum
1328 943 1370 982 in
1399 942 1593 984 balineis:
1680 972 1696 995 5

249 1089 311 1124 nel
336 1088 591 1132 palimpsesto.
618 1108 663 1113 —-
760 1087 854 1122 399.
882 1089 1013 1122 conciet
1037 1088 1086 1122 ha
1111 1086 1176 1131 qui
1202 1087 1326 1122 valore
1353 1086 1390 1121 di
1415 1089 1613 1131 presente;
1639 1087 1723 1122 s'in-

249 1149 379 1183 contra
403 1147 533 1181 inveoe
559 1146 761 1191 adoperato
788 1157 890 1181 come
915 1146 983 1181 fut.
1009 1146 1048 1180 in
1074 1146 1206 1189 Amph.
1236 1147 1266 1187 1,
1293 1146 1323 1187 2,
1352 1146 1406 1180 14.
1434 1162 1476 1167 —-
1549 1145 1647 1180 400.
1664 1147 1724 1180 sed

249 1217 355 1241 serve
382 1217 403 1240 a
427 1205 698 1249 interrompere
724 1204 752 1239 il
777 1204 939 1240 discorso
968 1204 1033 1248 gia
1063 1204 1300 1247 cominciato,
1326 1204 1389 1238 cfr.
1415 1216 1451 1239 n.
1479 1204 1533 1238 16.
1564 1221 1607 1226 -
1629 1205 1724 1238 ibam

253 1262 266 1276 “
285 1276 348 1300 ero
373 1263 430 1298 sul
447 1264 564 1308 punto
583 1263 621 1297 di
639 1264 788 1298 entrare
807 1288 834 1305 „.
858 1280 894 1284 —
924 1264 1141 1296 commodum
1154 1275 1198 1288 =
1212 1267 1419 1305 opportune,
1434 1262 1513 1296 0100
1542 1259 1556 1274 “
1573 1261 1723 1306 proprio

250 1323 287 1357 in
313 1324 440 1366 tempo
459 1349 487 1364 „,
513 1321 577 1355 cfr.
604 1333 637 1354 v.
666 1321 766 1355 1136.
796 1341 836 1345 —
900 1319 996 1354 403.
1015 1321 1201 1364 accepisti:
1229 1320 1264 1355 10
1291 1319 1439 1355 sohiavo
1457 1319 1723 1363 portaiconti,

249 1380 394 1415 incassa
419 1391 438 1415 e
466 1379 604 1423 spende
630 1390 696 1423 per
720 1378 748 1412 il
773 1379 948 1422 padrone,
976 1378 1039 1412 cfr.
1065 1379 1162 1412 Men.
1180 1378 1260 1411 265.
1279 1395 1323 1399 —
1384 1377 1480 1411 404.
1505 1377 1536 1411 Il
1561 1378 1724 1421 padi-one

249 1450 324 1474 non
348 1438 379 1473 si
405 1438 550 1472 ricorda
575 1437 636 1471 del
662 1437 769 1472 modo
797 1447 899 1472 come
924 1436 974 1470 ha
999 1447 1106 1479 spese
1131 1436 1167 1470 le
1194 1437 1379 1479 quaranta
1404 1435 1516 1477 mine,
1536 1446 1555 1470 e
1572 1435 1600 1469 il
1618 1446 1724 1470 servo

249 1497 314 1541 piu
341 1496 611 1531 comioamente
638 1506 656 1529 e
684 1496 938 1529 astutamente
975 1494 1074 1537 finge
1112 1493 1149 1527 di
1186 1493 1385 1528 ricordarsi
1418 1504 1565 1537 appena
1589 1493 1727 1528 d'esser

249 1557 346 1589 stato
373 1554 426 1589 lui
451 1553 602 1597 proprio
633 1564 655 1587 a
685 1552 849 1596 portarle
875 1552 915 1586 in
941 1563 1036 1587 casa.
1068 1569 1103 1574 —
1185 1551 1280 1585 405.
1306 1563 1355 1593 eo,
1381 1551 1459 1586 01οο
1485 1553 1726 1595 quadraginta

252 1615 369 1647 minis.
395 1612 425 1646 ll
451 1622 629 1656 pronome
655 1613 788 1645 neutro
815 1612 854 1644 id
879 1610 909 1644 si
935 1612 1044 1645 trova
1068 1610 1141 1644 ben
1167 1620 1291 1653 spesso
1329 1609 1532 1652 adoperato
1564 1609 1603 1643 in
1631 1608 1726 1644 rela-

250 1671 353 1706 zione
380 1682 449 1705 con
474 1682 523 1704 uu
547 1669 692 1713 plurale
719 1668 899 1703 maschile
926 1680 945 1703 0
972 1667 1192 1709 femminile‚
1218 1678 1338 1702 messo
1364 1678 1431 1711 per
1462 1667 1628 1702 indicare
1652 1678 1728 1701 una

251 1740 394 1765 somma
419 1728 456 1763 di
480 1728 643 1770 danar0;
679 1727 741 1762 cfr.
776 1726 878 1761 Asin.
914 1727 944 1767 1,
976 1727 1005 1769 1,
1042 1727 1086 1760 76
1120 1728 1246 1769 viyintt'
1269 1728 1343 1759 iam
1368 1730 1467 1759 usust
1489 1727 1563 1767 filio
1588 1726 1729 1768 amenti

252 1789 377 1821 minis:
401 1788 479 1830 face
502 1787 541 1819 id
560 1791 596 1819 ut
615 1790 790 1829 paratum
814 1786 888 1818 iam
906 1786 968 1825 sit;
987 1784 1095 1818 Most.
1113 1784 1145 1824 4,
1164 1784 1195 1825 2,
1216 1783 1259 1817 65
1276 1784 1369 1816 nihil
1385 1784 1498 1817 hercle
1514 1784 1577 1817 hoc
1589 1784 1728 1826 quidem

252 1851 302 1879 est
326 1847 478 1887 triyinta
497 1846 622 1878 minae.
650 1863 694 1867 —
760 1842 858 1876 406.
884 1854 1054 1883 exessum,
1081 1853 1147 1885 per
1172 1853 1362 1876 comessum
1379 1840 1441 1875 dei
1459 1840 1574 1882 codd„
1592 1841 1613 1875 0
1630 1841 1729 1875 stato

252 1903 316 1947 qui
342 1903 517 1937 ristorato
544 1902 640 1936 sulla
664 1900 952 1936 testimonianza
978 1900 1037 1934 dei
1062 1899 1241 1944 glossari:
1271 1910 1351 1934 esso
1377 1901 1397 1934 *e
1423 1898 1643 1933 richiamato
1667 1898 1729 1932 dal

251 1960 505 2005 parallelismo
532 1960 629 2002 cogli
654 1960 742 1994 altri
767 1962 824 1994 tre
849 1958 1026 2003 participi
1057 1959 1123 1992 0110
1154 1968 1327 2000 seguono,
1353 1969 1424 2001 pur
1449 1956 1520 1991 essi
1547 1955 1729 2000 composti

253 2020 350 2054 colla
374 2018 628 2063 preposizione
655 2030 707 2052 ex.
742 2017 886 2059 Quanto
919 2017 954 2051 al
988 2015 1124 2060 doppio
1151 2027 1211 2049 -ss-
1240 2015 1307 2050 che
1333 2014 1364 2048 si
1389 2016 1479 2049 nota
1511 2014 1573 2049 nei
1605 2025 1729 2049 mano-

253 2077 374 2113 scritti
400 2089 473 2112 non
499 2076 576 2111 solo
602 2076 642 2110 in
668 2078 800 2119 questo
827 2076 938 2118 luogo
966 2086 1026 2108 ma
1053 2074 1169 2108 anche
1195 2085 1262 2117 per
1288 2072 1376 2107 altri
1403 2072 1585 2117 composti
1603 2072 1642 2107 di
1659 2074 1732 2113 edo,

255 2147 358 2172 come
385 2136 542 2169 essurire
568 2145 586 2169 e
613 2145 814 2174 comessum,
840 2134 877 2167 fa
901 2133 1034 2176 d'uopo
1061 2142 1262 2173 osservare,
1281 2131 1348 2165 che
1367 2142 1447 2165 esso
1473 2131 1510 2165 fa
1535 2131 1619 2166 fede
1644 2131 1731 2164 d'un

255 2194 408 2238 periodo
435 2192 579 2227 arcaico
604 2192 665 2226 del
691 2191 822 2232 latino,
849 2191 997 2235 quando
1021 2202 1096 2225 non
1122 2201 1258 2224 ancora
1282 2189 1320 2223 la
1344 2189 1453 2232 legge
1471 2188 1509 2222 di
1527 2189 1731 2232 adoperare

254 2252 299 2286 l's
324 2250 488 2295 scempia
512 2251 607 2293 dopo
645 2249 773 2284 vocale
811 2248 927 2293 lunga
965 2259 1082 2283 aveva
1111 2247 1333 2283 eominciato
1360 2247 1407 2281 ad
1433 2258 1521 2281 aver
1547 2257 1660 2281 corso.
1687 2265 1731 2270 —

255 2310 700 2352 exunctum=unyuentis
733 2309 966 2350 absumptum.
1002 2306 1062 2340 Gli
1097 2305 1238 2340 antichi
1266 2301 1431 2339 avevano
1458 2316 1532 2339 una
1558 2303 1732 2339 straordi·

256 2368 364 2402 naria
389 2367 563 2411 quantita
589 2365 678 2401 d’oli
705 2366 862 2407 odoi-osi,
890 2364 928 2399 di
953 2365 1105 2408 pomate
1140 2374 1159 2398 e
1193 2363 1231 2397 di
1256 2362 1430 2407 prosumi,
1456 2362 1494 2396 di
1529 2361 1589 2396 cui
1614 2361 1645 2396 si
1670 2373 1734 2396 un-

257 2436 401 2469 gevano
427 2425 453 2458 il
481 2436 591 2468 corpo
617 2423 857 2458 nell'entrare
882 2422 943 2457 nel
968 2422 1101 2465 hagno,
1129 2432 1148 2455 e
1174 2421 1212 2455 di
1239 2420 1297 2455 cui
1330 2420 1361 2455 si
1395 2420 1590 2456 servivano
1616 2420 1733 2455 anche

259 2484 354 2528 dopo
379 2483 408 2517 il
434 2483 567 2525 bagno,
593 2494 660 2526 per
687 2483 794 2526 poter
826 2481 865 2516 in
895 2482 993 2515 tutto
1027 2480 1056 2514 il
1088 2490 1190 2514 corso
1229 2478 1290 2514 del
1325 2478 1457 2522 giorno
1484 2479 1606 2513 esalar
1631 2477 1734 2513 odori

259 2541 361 2576 dalla
386 2552 553 2584 persona.
581 2540 619 2574 Si
645 2540 725 2574 noti
752 2540 818 2574 che
843 2538 904 2573 nei
932 2538 1049 2574 codici
1076 2538 1105 2573 si
1132 2537 1240 2581 legge
1274 2536 1552 2580 propriamente
1581 2541 1736 2579 eoeutum,

260 2611 279 2638 0
305 2599 366 2635 nel
392 2597 636 2643 palimpsesto
663 2610 850 2633 exnssum:
875 2602 1064 2633 extinctum
1082 2598 1101 2632 0
1120 2595 1448 2633 un'emendazione
1467 2594 1526 2633 del
1545 2594 1736 2632 Wilhelm.

1385 2753 1430 2796 ἱ.
