1818 2973
600 106 818 132 'rvamluvs
839 107 889 138 1v,
910 96 944 138 2,
969 94 1146 130 101-118
1544 96 1611 132 119

142 191 216 230 Cn.
244 183 348 237 Quid
377 188 438 229 ais
473 189 550 229 tu?
589 197 702 228 nunc
729 182 765 227 si
793 187 902 228 forte
944 197 1116 237 eumpse
1143 183 1412 227 Charmidem
1439 186 1611 238 conspe-

1349 261 1477 309 xeris,
1532 263 1610 302 950

252 323 373 379 I'llum
400 350 524 390 quem
552 338 625 379 tibi
652 336 754 378 istas
781 337 942 378 dedisse
968 335 1270 377 commemoras
1298 330 1508 387 epistulas,

213 446 217 448 v
245 413 478 456 Noverisne
495 414 737 454 hominem?
804 414 876 453 Sv.
895 396 958 453 Ne:
986 414 1031 452 tu
1061 423 1127 453 me
1147 411 1294 462 edepol
1313 409 1526 451 arbitrare
1545 407 1611 451 be-

1377 486 1504 534 luam,
1535 514 1583 538 ω,

246 561 494 616 Quiquidem
521 575 604 604 non
632 558 796 604 nouisse
810 562 962 614 possim
990 556 1159 613 quicum
1179 563 1361 603 aetatem
1380 557 1613 612 exegerim.

251 625 315 682 An
343 640 414 680 ille
441 641 528 679 tam
557 640 666 679 esset
698 635 850 678 stultus
892 638 961 688 qui
1004 637 1107 677 mihi
1140 632 1255 677 mille
1282 647 1501 677 nummum
1525 633 1612 676 cre·

1492 711 1612 751 deret

245 785 497 841 Philippum,
526 789 634 840 quod
675 799 743 828 me
783 783 934 827 aurum
976 787 1144 828 deferre
1185 783 1304 827 iussit
1342 787 1394 826 ad
1435 783 1609 837 gnatum

1360 872 1478 901 suom
1532 861 1611 901 955

246 925 382 991 Atque
410 940 462 980 ad
490 939 671 980 amicum
699 937 924 986 Calliclem,
945 938 1041 989 quoi
1060 948 1151 979 rem
1170 933 1282 978 aibat
1303 938 1522 978 mandasse
1540 931 1612 977 hic

1459 1023 1578 1052 suam
1594 1013 1611 1051 2

246 1086 347 1131 Mihi
377 1089 662 1137 concrederet,
691 1090 734 1128 ni
762 1100 830 1130 me
857 1088 927 1129 ille
955 1090 998 1129 et
1026 1085 1103 1139 ego
1131 1088 1248 1127 illum
1290 1086 1500 1128 nouissem
1537 1085 1610 1128 ad-

1318 1158 1476 1213 pr6he?
1533 1191 1582 1214 „5

139 1242 213 1281 CH.
242 1235 466 1280 Enimuero
495 1250 572 1290 ego
599 1249 711 1279 nunc
738 1234 1024 1288 sucophantae
1053 1237 1153 1277 huic
1181 1233 1483 1288 sucophantari
1502 1238 1610 1285 uolo,

244 1317 286 1355 Si
314 1314 429 1355 hunc
458 1325 623 1365 possum
652 1313 725 1354 illo
753 1308 867 1354 mille
896 1324 1114 1352 nummum
1156 1306 1395 1363 Philippum
1435 1312 1613 1353 circum-

1442 1383 1611 1436 ducere,

244 1463 359 1514 Quod
388 1465 463 1505 sibi
493 1475 558 1505 me
588 1460 748 1505 dedisse
777 1464 892 1512 dixit,
924 1474 1047 1515 quem
1068 1460 1145 1515 ego
1164 1463 1233 1515 qui
1254 1463 1307 1503 sit
1328 1463 1453 1503 homo
1472 1460 1614 1504 nescio

1536 1540 1615 1578 960

138 1702 310 1744 demann,
335 1712 402 1746 per
426 1713 503 1736 eum
528 1702 646 1745 ipsum
671 1700 731 1736 dei
757 1700 860 1735 codd.
892 1718 927 1724 ·-
980 1700 1068 1735 951.
1085 1702 1186 1742 istas,
1212 1702 1298 1736 soth.
1323 1712 1411 1745 quas
1435 1702 1476 1735 in
1501 1712 1612 1736 manu

139 1766 241 1795 tenes.
261 1779 305 1785 —-
345 1759 441 1794 952.
460 1766 503 1794 ne
522 1765 570 1801 tu,
589 1759 652 1794 cfr.
664 1759 766 1794 n.63.
785 1776 830 1782 —
847 1760 948 1793 belua
970 1756 983 1771 “
1004 1770 1079 1794 una
1096 1760 1195 1794 testa
1213 1759 1314 1801 dura,
1333 1771 1383 1794 un
1401 1759 1564 1794 animale
1579 1786 1608 1802 „.

137 1835 183 1841 —-
219 1817 315 1852 953.
330 1819 530 1862 quiquidem
549 1815 562 1829 “
582 1828 620 1852 se
638 1816 674 1852 io
688 1816 817 1852 invero
836 1844 864 1860 „,
882 1817 945 1852 cfr.
964 1829 1000 1852 n.
1019 1817 1099 1852 552.
1117 1832 1162 1838 -
1204 1816 1300 1852 954.
1318 1818 1414 1852 mille
1439 1818 1459 1852 ὲ
1477 1817 1611 1862 adope-

138 1878 219 1912 rato
245 1887 348 1911 come
375 1876 589 1918 sostantivm
608 1876 671 1910 cfr.
690 1888 725 1909 n.
743 1875 812 1910 425
831 1887 849 1910 e
868 1877 930 1910 illo
955 1877 1051 1910 mille
1076 1875 1155 1910 959.
1185 1892 1230 1898 -—
1271 1874 1368 1910 955.
1392 1876 1611 1920 Phillppum,

138 1935 202 1970 cfr.
227 1947 264 1969 n.
293 1934 370 1968 152.
396 1950 441 1954 -
490 1933 585 1967 956.
612 1935 709 1968 aibat
733 1936 931 1983 mandasse.
950 1934 1054 1979 Dopo
1072 1934 1085 1969 i
1103 1933 1207 1969 verbi
1224 1935 1366 1968 dicendi
1390 1945 1410 1969 e
1435 1936 1611 1969 sentiendi

138 1992 272 2028 Plauto
298 1993 461 2036 adopera
485 1992 557 2027 ben
582 2003 719 2037 spesso,
745 1992 892 2036 quando
918 2004 992 2028 non
1017 1994 1123 2027 muta
1139 1992 1167 2026 il
1185 1994 1368 2036 soggetto,
1386 1992 1413 2027 il
1431 1992 1610 2036 semplice

137 2050 295 2092 infinito,
321 2051 450 2085 invece
481 2050 783 2085 dell'accusativo
822 2050 1077 2092 coll’infinit03
1104 2050 1167 2085 cfr.
1195 2051 1263 2084 745
1289 2061 1309 2085 e
1335 2050 1439 2095 Capss.
1470 2051 1503 2092 2,
1528 2050 1562 2092 2,
1587 2051 1610 2086 6

138 2119 240 2152 quom
265 2110 396 2142 cavisse
421 2113 524 2142 ratus
548 2113 609 2150 est,
634 2108 684 2143 ib.
702 2108 735 2150 2,
753 2109 785 2150 3,
804 2108 824 2142 5
843 2113 874 2143 te
891 2110 943 2142 ait
961 2110 1098 2142 mittere
1122 2109 1204 2143 hinc
1233 2109 1316 2143 velle
1333 2110 1380 2142 ad
1391 2113 1546 2152 patrem.
1563 2124 1608 2132 --

139 2165 235 2200 957.
260 2167 432 2200 novissem
456 2165 690 2209 adprobe‚col
718 2165 928 2201 Camerario
955 2177 974 2201 e
1001 2166 1058 2202 col
1082 2166 1238 2209 Ritschl,
1264 2178 1331 2211 per
1362 2177 1463 2201 nosse
1480 2168 1610 2211 aprobe

136 2223 198 2259 dei
235 2223 380 2259 codici:
422 2224 485 2258 cfr.
523 2235 590 2268 per
626 2225 780 2267 adprobe
821 2221 834 2236 “
856 2224 954 2259 assai
994 2225 1090 2259 bene
1112 2252 1126 2267 „
1167 2227 1330 2268 adprime
1366 2224 1405 2259 in
1442 2225 1522 2260 373,
1563 2242 1608 2248 —

137 2281 234 2316 958.
259 2284 353 2316 enim
377 2293 451 2317 non
489 2281 526 2316 fa
562 2282 770 2326 posizione;
809 2281 872 2317 cfr.
911 2284 1051 2325 quanto
1089 2282 1125 2317 al
1162 2282 1370 2326 significato
1396 2294 1430 2317 n.
1459 2282 1537 2318 705.
1566 2300 1604 2307 —

136 2341 394 2385 sucophantari
417 2342 655 2384 sucophantae
683 2337 697 2352 '⁴
719 2340 901 2376 eiurmare
926 2339 954 2375 il
980 2339 1210 2375 oiurmadore
1232 2353 1268 2383 „3
1296 2341 1360 2375 cfr.
1379 2340 1447 2376 972
1474 2343 1610 2385 nuqari

136 2400 314 2441 nuqatori.
340 2413 386 2419 —
469 2398 566 2433 959.
591 2400 625 2433 si
653 2395 667 2410 “
688 2409 755 2442 per
792 2409 937 2433 cercare
975 2409 1013 2433 se
1035 2409 1069 2442 „3
1096 2399 1159 2432 oft.
1184 2410 1220 2432 n.
1246 2398 1326 2433 532.
1356 2416 1401 2422 —-
1424 2400 1487 2434 illo
1512 2401 1609 2434 mille

135 2467 317 2490 nummum
339 2457 542 2500 philippum
567 2456 624 2492 col
642 2456 798 2495 Ritschl,
827 2467 894 2501 per
918 2458 980 2491 illo
1006 2458 1100 2490 mille
1117 2468 1299 2491 nummum
1316 2468 1336 2492 o
1354 2468 1514 2492 nummos
1525 2459 1608 2501 phi-

136 2515 234 2558 lippo
259 2513 318 2549 dei
344 2514 462 2549 codici
487 2525 506 2549 e
531 2516 607 2549 illis
624 2516 719 2549 mille
738 2516 892 2549 nummis
902 2515 1100 2558 philippeis
1125 2515 1185 2549 del
1209 2514 1363 2550 Merula.
1388 2533 1434 2538 —
1459 2518 1609 2550 circum·

136 2574 272 2616 ducere,
299 2572 354 2609 col
369 2572 523 2617 Merula,
541 2584 607 2616 per
632 2574 737 2607 civem
762 2574 888 2608 ducere
912 2572 973 2608 dei
999 2572 1129 2608 codici.
1158 2590 1195 2595 —
1248 2572 1344 2608 960.
1370 2585 1469 2618 quem
1493 2575 1608 2610 nescio
