1818 2973
261 122 304 160 84
851 133 891 162 Μ.
916 134 999 162 mm
1021 134 1155 163 prm-rt

261 217 336 256 LE.
367 213 488 256 Pdtin
517 216 563 257 ut
593 227 659 258 me
689 215 763 264 ire,
794 216 876 267 qud
905 217 1116 268 profectus
1135 213 1239 266 siim,
1269 217 1411 259 sinas?
1517 218 1593 261 Lv.
1622 219 1663 261 Si
1692 216 1735 261 in

1485 290 1577 334 rem
1606 296 1735 342 tuam,

368 362 605 412 Lesbonice,
635 361 726 406 esse
754 364 964 412 uideatur,
993 362 1151 417 gldriae
1180 368 1255 406 aut
1283 365 1430 415 famae,
1459 368 1607 409 sinam.

261 439 334 478 LE.
363 437 478 486 Qudd
507 441 570 480 est
599 434 859 479 facillumfim
882 440 995 485 sacis.
1051 441 1127 481 Lv.
1147 440 1253 488 Quid
1282 440 1323 481 id
1352 439 1444 482 esti
1497 444 1570 482 LE.
1591 443 1736 483 Amico

1333 510 1547 554 initiriam.
1654 516 1735 554 630

241 578 337 627 'Lv.
366 583 511 636 Neque
539 588 719 626 meumst
748 597 883 638 neque
912 584 1055 628 secere
1082 587 1220 628 didici.
1275 589 1349 628 LE.
1377 587 1572 629 Inddctus
1608 600 1733 640 quam

1401 658 1522 702 docte
1550 661 1664 701 facis.
1693 690 1709 714 s

365 728 468 780 Quid
498 733 671 782 faceres,
700 729 828 785 siquis
870 735 1079 776 docuisset
1108 737 1150 776 te
1177 731 1224 776 1'1t
1252 736 1312 776 sic
1340 736 1433 777 odio
1461 735 1572 777 esses
1600 736 1736 776 mihi?

365 806 477 848 Bene
493 821 618 859 quom
634 810 805 849 simulas
821 808 962 851 fecere
977 810 1080 850 mihi
1097 813 1150 857 te,
1163 809 1272 852 mele
1292 811 1405 859 facis,
1417 813 1525 852 male
1541 811 1733 852 ednsulis.

261 884 339 924 ΙΝ.
367 874 538 935 Egone?
596 886 670 925 LE.
702 887 763 924 Tu
798 889 862 924 ne.
919 887 995 926 Lv.
1027 881 1132 932 Quid
1165 886 1274 926 male
1311 886 1447 926 facio?
1513 869 1586 926 LE.
1618 885 1733 934 Qu6d

1168 968 1246 1009 ego
1274 959 1370 998 nolo
1398 959 1437 998 id
1466 957 1589 1009 qudm
1619 959 1734 999 facis.

258 1032 335 1073 ΙΝ.
363 1029 480 1072 Tuae
508 1033 570 1073 rei
599 1033 706 1073 bene
735 1028 957 1073 consfilere
985 1032 1121 1083 cupio.
1190 1035 1262 1073 LE.
1291 1028 1353 1073 'rii
1383 1033 1485 1073 mihi
1514 1044 1558 1074 es
1586 1034 1735 1074 melior

1158 1114 1282 1154 quam
1314 1101 1390 1156 ego
1418 1105 1546 1144 mihi!
1655 1106 1734 1145 635

258 1225 424 1259 culta-esis
449 1235 516 1269 per
540 1227 781 1266 occultaveri3‚
806 1225 871 1260 cfr.
896 1237 932 1260 11.
959 1225 1038 1262 384.
1065 1243 1110 1248 -
1160 1224 1256 1261 628.
1276 1231 1381 1269 poten
1406 1237 1474 1270 per
1495 1229 1644 1271 potisne,
1662 1226 1734 1262 col-

257 1282 403 1317 l'ellissi
429 1283 466 1317 di
490 1289 541 1317 est
566 1295 586 1318 0
613 1294 704 1327 pure
731 1284 769 1318 di
792 1285 883 1327 fieri,
914 1281 927 1297 “
945 1285 965 1319 e
991 1283 1169 1328 possibile
1200 1311 1228 1326 „.
1255 1302 1298 1306 —
1325 1296 1391 1328 quo
1416 1285 1478 1319 nei
1515 1285 1635 1321 codici
1660 1287 1734 1320 tro·

259 1341 338 1375 vasi
364 1341 565 1383 sostifiusto,
592 1353 660 1385 per
685 1353 808 1377 errore
835 1353 855 1377 o
882 1353 948 1386 per
974 1342 1202 1384 confusione,
1221 1353 1288 1377 eon
1306 1344 1408 1387 quod.
1427 1363 1470 1368 ——
1487 1345 1527 1377 in
1544 1356 1618 1378 rem
1635 1349 1733 1378 tuam

261 1396 274 1411 '¹
296 1411 382 1434 cosa
407 1411 474 1444 per
499 1402 536 1435 te
552 1400 800 1444 vantaggiosa
821 1427 849 1442 „.
869 1417 912 1423 —
947 1399 1195 1443 629.9l0riae
1209 1406 1271 1434 aut
1282 1402 1401 1443 famae
1426 1412 1492 1436 son
1518 1401 1633 1437 molto
1650 1413 1734 1446 pro-

256 1458 488 1492 babilmente
503 1458 563 1492 dei
577 1458 748 1501 genitivi,
774 1458 969 1502 adoperati
987 1469 1055 1502 per
1075 1458 1288 1502 specificare
1315 1458 1343 1492 il
1369 1461 1539 1495 coneetto
1566 1471 1734 1504 espresso

256 1516 318 1550 dal
344 1527 523 1560 pronome
549 1521 658 1558 tuam,
685 1517 752 1551 ohe
781 1517 963 1560 potrebbe
982 1516 1020 1550 in
1046 1517 1168 1551 realta
1194 1527 1315 1551 essere
1341 1517 1531 1553 sostituito
1557 1518 1613 1553 eol
1631 1517 1732 1562 geni-

255 1574 334 1610 tivo
360 1577 414 1608 tui
437 1574 514 1616 (cfr.
529 1585 596 1618 per
620 1575 648 1608 il
674 1574 844 1618 genitivo
870 1574 1098 1618 dipendente
1125 1575 1173 1609 da
1198 1586 1292 1609 rem:
1318 1575 1431 1610 Persa
1460 1576 1528 1610 352
1542 1577 1582 1610 in
1598 1578 1734 1611 ventris

255 1631 365 1674 rem);
394 1644 454 1667 ma
479 1633 704 1676 potrebbero
732 1633 849 1667 anche
876 1644 997 1668 essere
1025 1634 1095 1667 due
1113 1632 1231 1667 dativi
1250 1633 1362 1668 messi
1380 1633 1419 1667 in
1437 1633 1668 1677 dipendenza
1685 1634 1733 1668 da

255 1693 395 1725 videtur
419 1703 501 1733 esse,
531 1691 663 1734 poiche
690 1691 727 1725 la
753 1692 850 1726 frase
875 1694 915 1725 in
940 1697 1037 1725 tuam
1064 1703 1137 1725 rem
1171 1690 1409 1735 corrisponde
1440 1691 1732 1735 propriamente‚

256 1752 397 1793 quanto
424 1761 446 1784 a
473 1749 732 1792 significato‚a
757 1751 832 1791 tibi,
860 1750 922 1784 cfr.
950 1749 1062 1784 Poen.
1091 1750 1157 1783 145
1182 1751 1216 1783 si
1241 1750 1305 1783 tiIn'
1333 1750 1453 1783 lubido
1477 1754 1527 1783 est
1551 1754 1616 1787 aut
1638 1751 1732 1784 volu-

255 1810 348 1851 ptati
372 1810 461 1842 sino.
488 1825 530 1830 —
583 1807 678 1840 630.
705 1809 930 1851 facillimum,
957 1809 1043 1842 sott.
1070 1808 1155 1842 tibi:
1175 1818 1259 1842 cosa
1278 1818 1299 1841 a
1316 1809 1354 1842 te
1373 1807 1550 1850 abituale,
1568 1819 1587 1843 e
1606 1808 1731 1851 percib

257 1866 353 1900 assai
380 1866 500 1901 facile.
529 1883 571 1888 -—
623 1865 708 1900 631.
737 1878 849 1900 meum
876 1872 925 1899 est
941 1879 987 1894 =
1003 1877 1116 1899 meum
1142 1868 1322 1909 inqenium
1346 1871 1483 1900 natura
1506 1868 1559 1900 ita
1576 1871 1627 1900 est
1643 1877 1733 1900 com-

255 1929 437 1968 paratum,
472 1924 535 1958 cfr.
561 1936 596 1958 n.
623 1925 702 1959 445.
730 1944 775 1948 —
873 1923 967 1958 632.
994 1926 1074 1958 odio
1099 1935 1190 1958 esses
1216 1926 1235 1958 e
1261 1935 1335 1958 una
1373 1923 1603 1967 espressione
1634 1924 1732 1958 assai

255 1981 385 2016 usuale
410 1993 477 2025 per
502 1981 667 2016 indicare
697 1980 710 1994 “
734 1993 834 2016 esser
860 1982 1029 2022 molesto,
1055 1980 1276 2016 insoffribile
1298 2008 1327 2024 ,,.
1354 2001 1395 2006 ——
1448 1980 1543 2016 633.
1570 1982 1585 2015 Ι
1612 1982 1732 2016 codici

253 2040 390 2081 hanno,
405 2051 427 2074 a.
451 2040 636 2083 principio
664 2039 723 2074 del
750 2051 867 2082 verso,
882 2042 943 2083 qui
968 2039 1118 2073 innanzi
1132 2050 1154 2073 a
1167 2040 1258 2081 bane,
1277 2050 1344 2083 per
1361 2050 1483 2074 errore
1502 2041 1731 2075 certamente

256 2099 317 2134 dei
343 2097 488 2142 copisti.
514 2114 559 2121 —
609 2097 703 2131 634.
732 2103 768 2132 tu
794 2105 836 2132 ne}
864 2095 877 2109 ⁴
900 2099 942 2139 si,
967 2097 1117 2141 proprio
1143 2099 1184 2132 tu
1206 2124 1235 2139 „.
1261 2098 1324 2139 Ne,
1350 2097 1389 2132 in
1415 2097 1526 2142 luogo
1551 2098 1590 2133 di
1615 2098 1675 2133 oui
1700 2097 1733 2133 si

256 2157 418 2200 adopera
443 2156 516 2191 alle
543 2156 644 2191 volte
671 2158 953 2190 erroneamente
980 2156 1096 2190 anche
1116 2155 1152 2190 la
1168 2156 1285 2199 grafia
1309 2168 1386 2197 nae,
1405 2157 1424 2191 e
1443 2166 1518 2191 una
1534 2155 1733 2200 particella

256 2215 510 2250 asseverativa
547 2215 614 2249 che
653 2214 892 2257 corrisponde
930 2214 1005 2248 alla
1043 2214 1241 2258 particella
1274 2225 1387 2257 greca
1411 2213 1458 2254 νή
1484 2213 1562 2256 (cfr.
1589 2214 1684 2257 τύνη
1710 2226 1730 2249 e

255 2271 375 2315 ἐγὼν),
400 2284 419 2308 e
447 2273 512 2307 che
538 2284 613 2307 non
638 2272 795 2315 bisogna
820 2272 1044 2307 confondere
1070 2272 1166 2307 colla
1192 2272 1456 2315 congiunzione
1481 2271 1686 2316 proibitiva
1710 2282 1732 2307 ο

255 2330 366 2366 finale
393 2339 436 2366 m}
453 2344 497 2357 =
516 2336 553 2365 ut
579 2342 659 2365 non.
688 2331 739 2365 La
763 2330 962 2375 partioella
988 2330 1242 2365 asseverativa
1268 2331 1298 2364 si
1323 2332 1431 2365 trova
1448 2341 1595 2374 sempre
1621 2330 1731 2366 collo·

256 2392 351 2431 cata,
366 2389 404 2423 in
430 2389 559 2431 latino,
574 2389 724 2424 innanzi
751 2389 786 2424 ai
812 2388 983 2434 pronomi
1000 2388 1189 2433 personali
1215 2399 1235 2423 o
1261 2388 1515 2423 dimostrativi
1530 2387 1608 2431 (cfr.
1627 2387 1732 2424 Cure.

259 2448 326 2482 138
352 2450 415 2482 tibi
432 2456 476 2483 m}
492 2460 562 2491 eqo,
581 2451 614 2482 si
628 2450 732 2490 fidem
750 2459 872 2482 servas
890 2459 1032 2489 mecum,
1050 2450 1187 2481 vineam
1198 2458 1271 2490 pro
1287 2458 1399 2481 aurea
1417 2452 1537 2481 statua
1552 2448 1731 2488 statuamk

257 2507 303 2541 ed
329 2507 348 2541 e
374 2507 537 2541 soltanto
564 2507 659 2551 dopo
694 2506 954 2550 l'espressione
998 2505 1271 2548 interrogativa
1295 2509 1399 2548 cyon&
1422 2505 1490 2540 che
1514 2505 1543 2539 il
1568 2512 1613 2540 m}
1635 2516 1731 2540 asse-

256 2564 424 2599 verativo
451 2565 482 2598 si
508 2576 672 2609 pospone
700 2564 735 2599 al
762 2576 940 2609 pronome
966 2569 1004 2598 tu
1030 2563 1130 2598 della
1155 2563 1339 2607 risposta:
1367 2564 1430 2598 cfr.
1457 2563 1562 2608 Capt.
1588 2563 1668 2599 857.
1685 2582 1732 2588 —

256 2635 369 2668 quom,
397 2623 459 2658 cfr.
485 2635 520 2657 n.
547 2623 626 2657 342.
652 2640 698 2646 -
789 2623 884 2658 635.
912 2628 949 2657 tu
973 2634 1048 2658 non
1072 2623 1093 2657 ὲ
1130 2621 1401 2666 interrogakivo
1442 2633 1505 2657 ma
1540 2622 1589 2657 ha
1625 2632 1732 2658 senso
1789 2672 1818 2675 ⁷-

1251 2737 1268 2744 ,.
1300 2736 1307 2741 .
