1818 2973
544 93 764 120 'rmuvmmvs
787 92 824 124 n,
847 81 880 124 3,
902 79 1037 115 24-38
1486 72 1533 111 63

64 182 130 220 S‘r.
159 177 332 218 Miseret
359 179 399 217 te
428 176 619 222 aliorum,
649 170 710 214 tui
739 185 817 213 nec
846 173 1018 212 miseret
1046 167 1124 210 nec
1155 169 1293 219 pudet.
1473 197 1505 219 30

66 258 140 295 ΡΗ.
169 249 368 303 Tempust
385 251 578 292 adeundi.
602 253 608 298 l
662 251 733 289 LE.
761 243 888 288 Estne
916 246 987 286 hic
1015 246 1154 285 Philto
1182 244 1251 294 qui
1279 241 1481 283 aduenit?

170 330 208 367 Is
237 325 420 367 herclest
447 326 572 376 ipsus.
628 326 695 364 S‘r.
724 318 878 373 Edepol
907 333 960 362 ne
988 332 1065 372 ego
1094 315 1216 359 istum
1248 319 1376 358 uelim

171 404 309 442 Meum
340 401 430 441 fleri
461 411 627 440 seruom
656 394 750 438 ci’lm
780 409 855 437 suo
884 392 1060 447 peculio.

68 481 142 518 PH.
173 479 300 516 Erum
328 475 456 526 &tque
484 486 649 514 seruom
679 468 920 524 plurumum
951 470 1089 510 Philto
1118 471 1232 510 iubet
1458 468 1535 506 435

174 549 360 597 Saluere,
389 544 660 590 Lesbonicum
689 551 730 588 et
759 546 996 586 Stasimum.
1051 547 1122 584 LE.
1153 540 1198 583 Di
1228 544 1347 583 duint
1473 570 1506 593 35

174 626 275 673 Tibi,
306 621 456 672 Philto,
485 634 803 674 quaequomque
831 621 960 672 optes.
989 621 1093 668 Quid
1124 620 1210 671 agit
1239 614 1379 658 filius?

71 704 145 741 ΡΗ.
174 703 285 741 Bene
315 697 401 739 udlt
430 699 515 739 libi.
569 700 642 738 LE.
673 699 824 748 Edepol
856 694 1042 736 mutuom
1072 692 1236 735 mecum
1266 693 1378 734 facit.

70 778 136 815 ST.
165 777 354 825 Nequam
382 769 485 813 illud
515 774 732 814 uerbumst
761 770 891 813 ‘bene
918 773 1007 811 uolt
1023 772 1044 819 ⁹,
1074 770 1152 810 nisi
1181 770 1251 820 qui
1280 767 1386 809 hene
1424 767 1536 807 facit.

71 939 244 981 soltanto,
270 938 427 974 secondo
456 950 506 972 un
538 949 603 973 uso
629 936 779 982 proprio
806 936 905 971 della
930 935 1087 979 pai-lata,
1113 946 1181 978 per
1204 933 1370 968 indicare
1395 931 1424 966 il
1448 943 1539 976 pas·-

73 997 201 1041 saggio
240 997 287 1031 ad
323 1007 397 1031 una
430 1007 552 1031 nuova
588 996 688 1036 idea;
724 996 788 1030 cfr.
825 994 940 1029 Stich.
969 994 998 1035 1,
1028 994 1090 1028 171
1133 1004 1151 1027 e
1189 1004 1222 1026 v.
1251 991 1340 1026 1089
1366 1002 1460 1024 nunc
1484 991 1540 1023 hic

72 1057 224 1098 disperii
247 1057 365 1089 miser.
391 1053 421 1087 ΙΙ
447 1053 533 1088 Brix
559 1065 665 1088 cerea
690 1053 728 1087 di
761 1054 906 1087 mutare
942 1051 971 1086 il
1007 1063 1101 1084 mmo
1134 1062 1211 1084 eum
1249 1049 1309 1084 dei
1346 1048 1464 1084 codici
1500 1047 1540 1081 in

70 1114 214 1153 dudum,
239 1113 373 1155 perche
398 1123 472 1146 non
497 1111 551 1155 gli
575 1111 709 1145 risulta
734 1110 859 1145 chiaro
885 1110 912 1144 il
938 1109 1147 1152 significato
1173 1108 1240 1143 ohe
1258 1107 1437 1151 potrebbe
1454 1117 1542 1140 aver

71 1181 165 1204 nunc
188 1170 227 1203 in
252 1169 388 1204 unione
415 1170 452 1203 di
478 1171 569 1210 vidi}
597 1181 655 1203 ma
683 1180 704 1203 a
728 1179 787 1202 me
814 1179 903 1211 pare
930 1168 996 1202 che
1014 1166 1138 1201 risulti
1158 1177 1270 1200 ancor
1287 1175 1396 1199 meno
1415 1164 1542 1199 chiara.

61 1227 108 1271 ,la
132 1227 317 1262 necessita
355 1238 373 1262 e
411 1227 438 1261 il
476 1228 601 1261 valore
635 1227 672 1260 di
707 1227 794 1270 quel
820 1227 964 1266 dudum,
991 1225 1057 1259 che
1084 1224 1158 1267 egli
1184 1224 1221 1258 vi
1247 1222 1470 1257 sos‘nituisee.
1498 1242 1540 1246 —

71 1287 162 1320 eius:
189 1285 216 1319 il
242 1285 485 1329 palimpsesto
510 1285 559 1319 ha
583 1286 684 1326 eiius,
710 1284 774 1318 cfr.
800 1296 834 1317 n.
862 1284 941 1318 358.
972 1303 1007 1307 —-
1037 1283 1089 1316 La
1114 1282 1227 1326 pieta,
1256 1281 1321 1316 che
1340 1277 1541 1315 Lesbonico

71 1345 175 1377 sente
201 1354 268 1387 per
293 1343 327 1378 le
352 1342 532 1385 disgrazie
559 1342 659 1386 degli
686 1342 785 1382 altri,
810 1343 829 1376 6
855 1354 905 1376 un
931 1343 1047 1375 tratto
1073 1340 1193 1381 felice,
1221 1339 1287 1374 che
1313 1339 1348 1374 lo
1375 1338 1488 1372 rende
1507 1337 1542 1371 ai

70 1400 188 1434 nostri
213 1400 314 1435 occhi
341 1401 414 1435 ben
438 1400 657 1435 meritevole
684 1400 783 1434 della
809 1399 1013 1443 genbilezza,
1038 1399 1104 1432 che
1136 1397 1289 1432 Lisi'cele
1315 1396 1369 1440 gli
1394 1398 1453 1430 sta
1478 1405 1544 1438 per

73 1469 190 1492 usare.
216 1457 300 1502 Egli
326 1459 344 1493 e
370 1470 420 1493 un
445 1458 670 1498 dissennam,
698 1469 758 1492 ma
782 1469 856 1492 non
874 1458 922 1491 ha
940 1457 1064 1491 animo
1090 1458 1234 1499 guasto.
1262 1473 1305 1477 -
1379 1453 1475 1487 432.
1502 1453 1543 1486 ln

72 1518 203 1558 questo
231 1527 334 1551 verso
372 1516 406 1550 ei
437 1517 456 1551 6
493 1516 570 1551 iato
609 1516 710 1550 nella
740 1527 879 1554 cesura,
907 1515 1108 1558 congiunto
1153 1514 1209 1548 eol
1247 1512 1404 1547 mutarsi
1443 1511 1543 1555 degli

71 1573 341 1609 interlocutori.
379 1592 422 1596 —
626 1573 721 1608 433.
747 1581 800 1615 ne',
827 1574 889 1609 cfr.
916 1586 951 1607 n.
987 1574 1042 1607 33.
1071 1590 1111 1595 -
1147 1575 1256 1606 istum
1285 1569 1298 1583 ⁴⁶
1324 1571 1361 1605 la
1386 1580 1544 1614 persona

71 1631 109 1665 di
134 1631 192 1666 cui
217 1626 259 1666 tu
283 1632 392 1675 parli.
411 1659 424 1674 „
457 1652 494 1657 —
698 1631 794 1666 434.
823 1633 980 1676 peculio:
1005 1631 1058 1674 gli
1085 1630 1236 1672 schiavi,
1272 1629 1426 1664 essendo
1461 1638 1544 1662 con-

71 1689 225 1723 siderati
252 1701 354 1724 come
380 1701 473 1732 cose,
497 1701 572 1724 non
598 1692 783 1734 potevano
810 1690 1088 1734 propriamente
1115 1700 1225 1722 avere
1251 1699 1324 1721 una
1341 1686 1545 1731 propi-iem,

73 1758 134 1780 ma
160 1747 321 1782 solt-anto
347 1750 507 1782 mettere
533 1748 581 1783 da
607 1751 715 1792 parte
741 1748 754 1782 i
779 1748 857 1783 loro
884 1748 1019 1791 pioeoli
1045 1746 1231 1790 risparmi,
1256 1757 1324 1790 per
1341 1744 1545 1788 compi-arsi

74 1804 135 1838 dal
161 1805 324 1847 padrone
352 1805 388 1839 la
413 1806 562 1847 liberta,
589 1807 739 1850 quando
774 1806 829 1840 lor
859 1806 1021 1840 riusciva
1046 1806 1203 1839 d'essere
1231 1805 1306 1839 cosi
1330 1802 1455 1843 felici;
1482 1802 1545 1836 cfr.

74 1873 107 1894 v.
133 1863 201 1896 564
227 1873 245 1896 e
271 1862 386 1897 Stich.
412 1864 490 1898 751.
530 1863 600 1905 Qui
634 1863 794 1898 Stasimo
826 1864 972 1898 chiama
991 1864 1171 1906 peculium
1197 1862 1234 1896 la
1258 1861 1449 1905 proprieth,
1474 1860 1545 1904 pri-

73 1921 161 1954 vata
185 1920 222 1953 di
249 1920 407 1962 Filtone,
424 1922 558 1965 pereh‘e
574 1922 648 1965 egli
678 1922 712 1956 lo
740 1922 933 1957 considera
959 1923 1125 1965 appunto
1156 1931 1259 1955 come
1289 1930 1354 1954 suo
1384 1918 1544 1953 sehiavo.

73 1996 119 2001 —
182 1976 277 2011 435.
304 1978 449 2013 Filtone
476 1981 495 2013 e
522 1979 730 2013 oltremodo
756 1979 899 2024 gentile
925 1980 986 2013 nel
1021 1979 1184 2013 salutare
1216 1980 1544 2020 contemporanea-

74 2036 199 2069 mente
212 2035 238 2068 il
258 2036 422 2079 padrone
449 2048 467 2071 e
493 2037 520 2070 il
538 2048 655 2078 servo,
674 2039 791 2072 tratto
818 2038 855 2071 di
881 2038 1088 2081 gentilezza
1112 2037 1178 2071 che
1205 2048 1254 2070 un
1280 2035 1445 2070 Romano
1472 2045 1544 2069 non

74 2093 104 2126 si
134 2094 290 2128 sai-ebbe
328 2095 403 2128 mai
440 2106 639 2138 permesso.
682 2113 717 2117 —-
759 2107 843 2129 erus
880 2097 899 2130 e
937 2096 974 2129 la
1010 2095 1128 2138 grafia
1164 2094 1229 2139 piu
1268 2095 1440 2134 eorretta,
1479 2081 1575 2139 perf

73 2152 192 2186 herus.
216 2171 261 2176 ——
380 2151 476 2187 436.
502 2155 605 2187 duint
631 2155 650 2187 e
676 2153 796 2188 forma
822 2154 880 2188 del
908 2165 1013 2196 cong.
1041 2155 1213 2197 presente
1248 2152 1293 2187 ed
1322 2150 1494 2194 equivale
1525 2161 1546 2184 a
1570 2142 1574 2163 ⁵

74 2207 176 2241 dent:
202 2218 284 2242 essa
309 2208 327 2241 6
354 2208 513 2242 formata
539 2209 805 2243 dii-ettamente
832 2209 893 2243 dal
919 2212 1091 2252 presente
1119 2208 1262 2242 arcaico
1289 2205 1378 2241 *duo
1403 2205 1484 2247 (che
1514 2205 1546 2240 si

73 2263 246 2300 incontra
282 2266 328 2300 ad
366 2278 415 2301 es.
454 2278 589 2302 ancora
625 2267 664 2301 in
701 2269 893 2301 concredew
925 2267 1008 2301 Aul.
1042 2267 1074 2308 3,
1107 2267 1138 2307 6,
1173 2267 1218 2300 49
1249 2277 1267 2300 6
1294 2265 1332 2298 in
1358 2265 1547 2299 concrediti

75 2321 155 2358 Cas.
181 2324 213 2365 2,
239 2324 270 2365 8,
295 2323 364 2366 43),
380 2325 642 2370 sull'analogia
659 2325 717 2360 dei
737 2325 969 2368 congiuntivi
987 2328 1064 2366 sim,
1083 2326 1194 2365 velim,
1212 2325 1355 2364 malim;
1383 2323 1446 2357 cfr.
1465 2323 1546 2356 duis

75 2379 181 2425 Capt.
207 2381 286 2423 331,
309 2385 460 2426 pet-duis
485 2383 589 2426 Capt.
618 2383 697 2426 728,
718 2386 892 2426 perduint
918 2383 1018 2417 Asin.
1037 2384 1116 2424 467,
1142 2384 1337 2416 interduim
1355 2381 1446 2415 Rud.
1466 2380 1545 2420 580,

74 2441 211 2474 creduit
235 2440 340 2475 Truc.
367 2441 399 2482 2,
425 2442 456 2483 2,
484 2442 540 2476 52.
568 2459 611 2464 —-
708 2441 803 2475 438.
832 2447 986 2475 mutuom
1014 2453 1142 2475 mecum
1159 2442 1437 2483 facit—:mutuo
1456 2450 1478 2472 a
1495 2449 1547 2472 me

74 2503 238 2538 amatum
265 2498 330 2534 cfr.
356 2498 459 2534 Cure.
485 2500 530 2534 46
555 2512 596 2534 ea
621 2512 674 2534 me
698 2502 844 2543 deperit,
871 2512 929 2542 eqo
955 2505 1069 2533 autem
1107 2511 1185 2533 cum
1222 2500 1287 2533 illa
1325 2499 1404 2532 nolo
1427 2499 1548 2541 facere

74 2561 240 2591 mutuom.
271 2574 307 2580 -
430 2557 526 2593 439.
561 2560 634 2592 nisi
659 2560 775 2602 qui:
792 2560 866 2592 nisi
890 2560 979 2601 quis,
1006 2555 1035 2591 εἰ
1060 2556 1108 2599 μή
1133 2566 1202 2599 τις;
1230 2558 1293 2592 cfr.
1322 2557 1411 2592 1005
1442 2568 1461 2592 e
1488 2557 1548 2590 ubi
1593 2549 1596 2552 ”
