1818 2973
198 68 264 104 114
788 81 828 108 M.
851 81 935 106 Acm
957 81 1092 108 PLAU'H

197 161 272 200 CH.
301 157 496 212 Temperi
511 161 613 202 huic
627 161 753 202 hodie
767 158 980 202 anteueni.
1008 163 1081 204 Sv.
1095 160 1260 204 Teneor
1279 163 1513 206 manufesto
1532 170 1673 206 miser.

198 237 274 276 CH.
301 235 390 278 Ihm
416 235 789 279 recommentzitu's
816 239 996 279 nomen?
1023 239 1096 280 Sv.
1123 233 1257 279 Detim
1285 239 1432 281 hercle
1461 252 1526 282 me
1546 243 1675 291 atque

1285 311 1504 356 homimim
1533 317 1674 367 pudet.

199 388 275 428 cn.
303 382 409 429 Vide
448 388 569 429 modo
610 389 659 428 ut
697 384 910 430 hominem
939 386 1120 430 noveris.
1175 390 1248 431 Sv.
1281 391 1385 430 Tam
1427 402 1553 441 quam
1594 390 1674 432 me.

1166 466 1240 505 CH.
1269 465 1382 506 Fieri
1410 462 1520 506 istiic
1548 467 1674 508 solet:

304 536 419 587 Quod
447 538 491 578 in
519 549 646 578 manu
674 537 822 580 teneas
849 541 978 590 atque
1005 539 1138 580 oculis
1167 536 1322 588 uideas,
1352 541 1392 580 id
1421 536 1644 583 desideres.

199 616 272 656 Sv.
301 609 470 654 Litteris
497 612 856 655 recomminiscar.
885 609 959 655 Est
985 615 1237 667 principium
1267 614 1464 656 nomini...
1536 646 1570 670 70
1598 618 1678 657 915

199 690 275 728 Cn.
303 686 492 729 Gillias?
546 691 619 732 Sv,
649 691 741 730 Non
770 687 844 731 est.
899 691 973 730 CH.
1002 691 1245 742 Callippus?
1299 693 1371 733 SV.
1400 689 1491 732 Νόῐι
1519 695 1596 732 est.

1250 768 1325 806 CH.
1353 764 1677 808 Callidemides?

200 842 273 882 sv.
300 838 393 880 Non
420 842 496 881 est.
558 842 633 880 011.
661 824 920 882 Callinicus?
988 843 1061 884 sv.
1089 843 1181 882 Non
1210 844 1284 882 est.
1352 844 1426 882 CH.
1454 841 1676 884 0111111131-

1128 917 1265 957 chus?
1320 919 1392 959 Sv.
1420 912 1540 957 Nihil
1568 918 1677 970 agis:

202 1050 263 1086 del
295 1050 478 1087 sicofante
514 1050 626 1086 fanno
662 1051 872 1094 sospettare
910 1049 1094 1093 carmide,
1121 1051 1187 1086 ohe
1213 1061 1288 1086 non
1314 1050 1437 1085 debba
1462 1062 1584 1087 essere
1610 1051 1682 1086 vit-

201 1109 297 1146 tima
321 1109 359 1144 di
384 1122 435 1144 un
460 1109 618 1153 qualche
645 1108 773 1143 brutto
799 1108 872 1144 tiro
903 1108 951 1143 da
978 1110 1086 1153 parte
1116 1109 1154 1143 di
1184 1108 1272 1152 quel
1295 1108 1479 1152 briccone,
1505 1120 1525 1144 e
1555 1109 1680 1154 percio

201 1168 233 1204 si
259 1167 480 1212 congratula
504 1178 587 1202 seco
614 1168 731 1202 stesso
758 1167 796 1201 di
822 1177 944 1202 essere
969 1166 1100 1210 giunto
1126 1167 1166 1201 in
1191 1169 1317 1211 tempo
1351 1169 1561 1211 opportuno
1585 1165 1679 1210 (tem-

195 1224 293 1271 peri)
317 1237 385 1271 per
408 1225 609 1267 sventarlo,
647 1225 772 1269 prima
808 1226 875 1260 che
913 1224 969 1260 sia
1005 1227 1233 1260 consumato.
1271 1241 1317 1246 —
1354 1229 1554 1261 antevenire
1578 1227 1598 1261 e
1625 1237 1680 1261 co—

203 1284 337 1320 struito
363 1285 412 1319 da
435 1283 567 1319 Plauto
595 1283 652 1318 col
678 1283 817 1326 dativo,
835 1285 942 1318 tanto
968 1283 1008 1317 in
1034 1294 1141 1318 senso
1167 1283 1317 1328 proprio
1343 1286 1484 1327 quanto
1509 1283 1548 1319 in
1574 1296 1680 1320 senso

202 1342 421 1378 metaforico
435 1355 444 1384 ς
472 1342 536 1377 cfr.
555 1342 634 1377 Cas.
653 1341 686 1383 2,
704 1341 737 1383 3,
756 1341 783 1387 1,
801 1343 963 1376 omnibus
979 1343 1084 1375 rebus
1101 1343 1204 1376 credo
1221 1353 1280 1385 eqo
1298 1354 1454 1376 amorem
1471 1345 1681 1377 antevenire.

203 1418 249 1424 -
298 1399 385 1435 912.
411 1402 693 1441 recommentari,
720 1410 824 1434 come
851 1401 1111 1434 recommim’sci
1129 1400 1195 1434 915
1223 1410 1242 1433 e
1268 1401 1485 1434 comminisci
1502 1400 1534 1442 3,
1553 1400 1583 1442 1,
1604 1400 1683 1443 133,

203 1458 234 1495 si
260 1460 416 1494 trovano
434 1457 630 1502 adoperati
647 1457 687 1492 111
705 1457 838 1492 Plauto
857 1457 919 1492 nel
946 1468 1053 1491 senso
1080 1457 1118 1491 di
1148 1455 1161 1469 ‘⁶
1182 1457 1434 1500 risovvenirsi,
1460 1457 1683 1493 riehiamare

204 1517 281 1552 alla
305 1517 488 1551 memoria
509 1542 537 1559 „.
563 1535 610 1541 ——
648 1514 736 1548 913.
763 1516 841 1549 vide
866 1517 966 1549 modo
990 1519 1039 1557 ᾰι,
1065 1515 1418 1559 proceleusmatico;
1444 1521 1483 1550 ut
1510 1512 1524 1528 ²
1542 1517 1683 1559 quanto

203 1586 295 1620 poco
317 1602 346 1618 „.
371 1574 434 1609 Ma
459 1574 487 1609 il
513 1574 693 1609 sicofante
712 1574 924 1618 interpreta
942 1579 979 1608 ut
996 1574 1058 1609 nel
1077 1585 1184 1609 senso
1203 1573 1242 1608 di
1263 1571 1276 1586 ‘⁶
1294 1574 1366 1609 fino
1385 1584 1406 1608 a
1424 1573 1512 1617 qual
1530 1575 1646 1617 punto
1665 1600 1679 1616 ,,

203 1645 222 1669 e
240 1633 415 1678 risponde
431 1646 438 1668 :
464 1638 538 1667 tam
555 1644 662 1676 quam
679 1645 742 1667 me.
764 1653 806 1658 —
821 1637 894 1666 tam
911 1644 1017 1676 quam
1031 1632 1080 1666 ha
1096 1632 1132 1667 lo
1151 1634 1270 1667 stesso
1285 1643 1391 1667 senso
1418 1632 1485 1667 che
1510 1631 1550 1666 in
1575 1630 1683 1675 Epid.

205 1693 238 1734 3,
254 1693 286 1734 4,
306 1692 349 1727 67
376 1693 437 1726 sed
462 1696 499 1725 tu
523 1693 653 1726 novisti
675 1692 861 1734 fidicinam
889 1691 1212 1735 Aeropolistidem?
1238 1692 1324 1724 Tam
1349 1690 1455 1732 facile
1480 1701 1585 1732 quam
1609 1700 1685 1730 me;

203 1751 282 1785 Mil.
308 1750 377 1785 984
403 1761 490 1794 quae
516 1755 546 1784 te
571 1755 644 1783 tam
671 1761 776 1793 quam
803 1750 920 1783 oculos
938 1754 1038 1784 amet.
1061 1769 1097 1773 —
1116 1750 1215 1792 fieri:
1242 1748 1462 1783 attribuisco
1493 1747 1549 1782 coi
1568 1746 1687 1782 codici

203 1810 302 1844 tutte
328 1810 459 1852 queste
495 1808 622 1852 parole
655 1819 676 1842 a
703 1807 887 1849 Carmide,
914 1806 941 1841 il
969 1806 1080 1850 quale
1118 1805 1272 1850 ripiglia
1308 1806 1522 1849 gaiamente
1548 1806 1624 1840 cosi
1649 1805 1688 1839 la.

203 1877 300 1902 vena
324 1866 422 1901 dello
448 1866 608 1900 scherzo.
637 1865 697 1900 Gli
724 1865 811 1900 altri
847 1864 982 1900 editori
1016 1864 1220 1900 eliminano
1246 1864 1486 1898 l’intervento
1513 1862 1551 1897 di
1575 1862 1640 1905 lui,
1667 1873 1686 1897 e

202 1926 314 1960 fanno
334 1924 553 1959 continuare
579 1935 647 1968 per
672 1925 804 1967 questo
832 1935 850 1958 e
878 1935 946 1967 per
974 1922 1002 1957 il
1028 1934 1134 1958 verso
1161 1922 1368 1958 successivo
1394 1921 1422 1955 il
1447 1921 1608 1956 discorso
1627 1919 1686 1956 del

204 1983 397 2019 sicofante.
422 1997 468 2002 —
528 1981 614 2016 914.
642 1986 681 2015 {n
706 1993 782 2017 non
807 1982 845 2015 fa
870 1981 1072 2025 posizione,
1099 1980 1162 2015 cfr.
1189 1980 1327 2015 Introd.
1355 1979 1460 2023 capt.
1487 1978 1688 2018 XXXVIII,

204 2057 251 2066 --
276 2043 315 2075 id
339 2042 515 2075 desideres
544 2037 558 2052 ⁴⁶
578 2051 654 2074 non
679 2039 710 2074 ti
736 2039 958 2081 risovviene‚
978 2037 1005 2072 ti
1026 2039 1154 2082 sfugge
1175 2064 1203 2081 „.
1229 2053 1274 2058 -
1332 2037 1418 2071 915.
1438 2036 1496 2071 Sv.
1522 2037 1553 2071 Il
1578 2047 1688 2072 nome

205 2101 267 2136 del
291 2098 472 2134 sioofante
491 2099 511 2133 e
529 2098 594 2142 qui
612 2097 808 2139 ricordato,
830 2108 857 2139 al
869 2096 1054 2141 principio
1081 2097 1142 2130 del
1162 2107 1278 2137 verso,
1297 2095 1358 2130 dal
1377 2095 1517 2130 codex
1543 2107 1564 2129 v
1578 2096 1689 2130 etus-

205 2179 251 2184 —
275 2162 335 2201 est,
362 2157 419 2192 001
445 2156 582 2192 codici:
608 2156 663 2200 gli
681 2155 769 2190 altri
795 2155 942 2197 editori,
961 2155 1098 2189 sull'es.
1117 2154 1216 2190 dello
1235 2153 1434 2197 Scaligero,
1453 2155 1689 2198 premettono

205 2229 256 2251 un
283 2215 320 2251 C.
336 2215 399 2250 Ma
422 2226 498 2250 non
514 2225 560 2249 ve
580 2225 626 2249 ne
646 2215 665 2249 e
683 2213 841 2257 bisogno
858 2226 865 2247 :
891 2213 919 2247 il
948 2213 1130 2248 sicofante
1165 2211 1349 2248 comincia
1366 2223 1388 2246 a
1405 2211 1563 2256 pariare,
1589 2221 1689 2246 men-

206 2274 365 2309 dicando
389 2273 424 2308 10
451 2273 593 2317 parole,
619 2284 638 2307 e
670 2272 841 2307 Carmide
863 2271 960 2315 finge
988 2270 1025 2306 di
1051 2270 1214 2315 venirgli
1238 2270 1279 2305 in
1304 2270 1418 2313 aium,
1444 2269 1540 2304 00110
1565 2268 1691 2304 sciori-

205 2343 295 2367 nare
321 2343 396 2366 una
421 2331 518 2366 serie
555 2330 593 2366 di
630 2330 744 2372 nomi,
784 2330 850 2364 che
888 2330 1012 2365 hanno
1050 2329 1089 2364 la
1126 2331 1245 2364 stessa
1281 2328 1430 2363 iniziale
1456 2327 1517 2362 del
1543 2338 1620 2362 suo.
1645 2343 1693 2350 —

208 2390 297 2425 916.
323 2391 386 2425 Cn.
414 2389 553 2431 Questa
578 2389 675 2434 sigla
701 2399 833 2423 manca
851 2388 913 2423 nei
931 2387 1051 2423 codici
1068 2399 1088 2423 e
1105 2388 1145 2423 fu
1164 2387 1345 2431 aggiunta
1363 2386 1463 2421 dallo
1490 2385 1691 2430 Scaligero.

211 2449 348 2484 Gallias
374 2448 430 2483 001
457 2447 580 2492 Guyet
603 2459 670 2492 per
698 2448 869 2482 Callicias
894 2446 955 2481 dei
981 2445 1111 2481 codici.
1140 2463 1182 2469 ——
1228 2444 1314 2479 917.
1345 2445 1609 2479 Callimarchus
1627 2445 1647 2479 e
1665 2442 1693 2478 il

207 2517 319 2542 nome
344 2516 454 2550 greco
494 2505 726 2547 Καλλίμαχος,
753 2505 819 2540 che
845 2505 893 2539 ha
918 2504 1043 2539 subita
1067 2504 1107 2539 in
1133 2504 1199 2539 lat.
1225 2502 1430 2547 l'analogia
1454 2502 1493 2537 di
1517 2503 1693 2539 Marcus:

210 2565 275 2602 cfr.
299 2564 402 2600 nella
428 2563 641 2599 Cistellaria
666 2559 1298 2603 ΑἰσεεὶνηανοῆαεεἈλκησίμαχος.
1337 2578 1383 2584 —
1415 2561 1509 2596 nihil
1535 2562 1616 2604 ayis
1642 2556 1656 2573 ⁸
1678 2560 1698 2595 δ
