1818 2973
577 111 799 140 ’rmuvnfflvs
821 112 871 145 ιν,
894 102 928 144 2,
950 99 1087 137 66-80
1506 96 1574 136 115

205 192 352 248 Neque
365 197 470 238 adeo
483 197 629 248 edepol
650 195 767 237 fidcci
783 196 900 242 facio,
913 193 1079 246 quendo
1092 195 1257 246 egomet
1271 186 1442 233 memini
1454 192 1571 233 mihi.

101 273 176 313 Cn.
204 257 259 313 Ᾰΐ,
285 273 395 313 enim
425 272 545 312 multi
573 269 785 312 Lesbonici
815 267 911 311 εὐοῖ
939 270 1027 310 hic:
1055 268 1136 309 nisi
1162 264 1314 309 nomen
1341 268 1474 319 patris

206 342 337 395 Dices,
366 358 449 388 non
478 358 641 399 possum
669 341 769 387 istos
795 348 1030 387 monstrare
1049 343 1240 385 hdmines
1258 355 1360 395 quos
1378 345 1423 383 tu
1444 341 1571 394 quae·

1259 419 1375 460 ritas.
1431 447 1466 472 ,⁵
1493 421 1572 459 920

206 496 321 545 Qudd
351 498 402 538 ad
431 497 742 548 exemplumst?
783 493 1026 536 cdniectura
1054 488 1089 535 si
1115 495 1306 546 reperire
1342 492 1572 546 pdssumus.

102 576 175 616 Sv.
203 558 265 613 Ad
293 569 374 614 11ὅο
401 573 722 624 exemplumst...
750 573 824 611 CH.
852 554 917 611 An
950 571 1137 612 Chares?
1165 582 1219 611 an
1247 567 1520 611 Chermides?

1003 648 1074 687 Sv.
1104 646 1160 685 Mi
1189 657 1267 694 em,
1297 643 1570 686 Chermidesl

206 718 294 772 Em,
324 723 417 763 istic
444 723 546 764 erit:
575 722 645 773 qui
674 717 798 762 istum
828 722 868 761 di
898 721 1100 773 perdant!
1158 723 1232 761 CH.
1261 716 1354 760 Dixi
1383 732 1460 772 ego
1488 721 1572 760 iam

1295 791 1452 836 duddm
1479 795 1573 836 tibi:

206 871 265 915 Te
291 873 428 926 potius
455 874 560 914 bene
577 869 717 914 dicere
737 875 954 924 aequomst
973 870 1130 913 hdmini
1151 871 1286 913 amico
1305 870 1430 922 queam
1450 872 1574 912 male.

103 950 175 990 Sv.
203 946 319 989 Satin
347 948 459 988 inter
486 948 601 987 labra
631 945 757 997 ‘atque
787 945 923 988 dentis
952 944 1073 987 latuit
1103 945 1170 985 uir
1203 940 1378 985 minumi
1408 945 1550 996 preti?

1434 1050 1467 1074 ,0
1496 1021 1575 1060 925

102 1191 247 1235 inutile,
272 1203 347 1226 11011
370 1190 550 1235 indovini,
575 1202 649 1226 11011
674 1190 782 1226 riesci
808 1202 830 1225 a
853 1190 958 1226 nulla
980 1218 1009 1234 „.
1033 1209 1078 1215 —
1128 1189 1214 1225 918.
1242 1189 1379 1225 Senso:
1411 1188 1577 1235 imperta

102 1251 175 1284 ben
198 1260 290 1294 poco
315 1249 382 1284 0110
408 1248 444 1285 10
477 1260 517 1284 01·
552 1249 617 1294 qui
656 1248 781 1293 ripeta
816 1248 845 1283 il
882 1260 948 1283 suo
985 1259 1106 1290 nome,
1133 1248 1265 1292 poiche
1290 1247 1327 1282 io
1352 1247 1388 1282 10
1419 1259 1576 1283 00110000

100 1309 235 1352 troppo
259 1307 366 1349 bene,
393 1318 412 1342 e
438 1309 545 1351 saprb
572 1318 594 1342 a
619 1318 684 1342 suo
720 1308 848 1351 tempo
873 1306 1161 1341 ricordarmene.
1186 1322 1233 1328 —
1256 1317 1365 1349 neque
1389 1307 1484 1348 adeo,
1512 1305 1577 1342 cfr.

101 1377 137 1400 11.
165 1365 242 1400 181.
268 1384 313 1390 -
337 1367 481 1399 memini
497 1366 584 1398 mihi
605 1362 617 1377 '⁶
640 1376 678 1399 so
692 1364 788 1400 bene
806 1365 844 1399 di
861 1363 1137 1406 ricordarmelo,
1155 1364 1191 1399 lo
1209 1364 1353 1399 ricordo
1373 1375 1438 1408 per
1455 1375 1516 1399 me
1534 1391 1548 1407 ‚
1565 1377 1574 1406 3

104 1423 168 1457 cfr.
185 1422 297 1467 peril
314 1424 494 1458 eostmtto
519 1422 598 1457 Mil.
619 1422 688 1457 282
713 1427 785 1457 tute
809 1425 902 1457 scias
928 1424 995 1457 soli
1024 1424 1097 1457 tibi.
1129 1440 1164 1444 —
1218 1421 1304 1457 919.
1331 1427 1369 1456 αι
1392 1424 1496 1464 enim,
1511 1422 1575 1458 cfr.

102 1493 138 1514 n.
154 1480 232 1515 705.
251 1498 288 1503 —
328 1479 424 1515 920.
449 1492 520 1515 non
540 1492 687 1525 possum
711 1482 798 1515 istos
823 1487 1034 1522 monstrare,
1055 1481 1110 1516 col
1130 1481 1286 1522 Ritsehl,
1303 1492 1370 1525 per
1394 1493 1464 1516 non
1482 1492 1576 1515 mon·

102 1543 222 1572 strare
251 1550 400 1582 possum
424 1541 511 1573 istos
535 1539 596 1573 dei
623 1538 752 1574 codici.
778 1556 823 1561 —
918 1538 1004 1573 921.
1031 1540 1088 1580 ad,
1115 1539 1178 1573 cfr.
1204 1551 1239 1573 11.
1265 1539 1346 1574 873.
1372 1558 1417 1564 --
1443 1541 1477 1573 si
1495 1551 1578 1583 pos·

101 1607 223 1630 sumus
251 1593 265 1608 ⁸⁸
287 1596 458 1631 vediamo
493 1607 531 1630 se
565 1596 751 1640 possiamo
774 1624 802 1640 „.
841 1614 885 1620 —
982 1595 1078 1631 922.
1104 1596 1356 1631 Attribuiamo
1389 1596 1427 1631 la
1455 1597 1578 1641 prima

100 1655 208 1698 parte
234 1653 295 1688 del
320 1664 425 1689 verso
453 1653 488 1688 al
514 1654 706 1696 sicofante‚
733 1666 751 1689 e
777 1655 814 1689 la
833 1654 993 1690 seconda
1011 1666 1032 1689 a
1051 1654 1233 1696 Carmide,
1259 1654 1395 1690 sull'es.
1414 1655 1475 1690 del
1492 1655 1579 1697 Leo,

101 1713 207 1746 —ad
230 1713 293 1746 hoc
305 1713 587 1756 exemplumst...:
613 1713 745 1757 poiche
764 1713 791 1747 il
810 1713 989 1749 sieofante
1015 1713 1169 1756 indugia
1195 1723 1214 1747 e
1241 1712 1424 1748 eomineia
1440 1725 1578 1749 nuova·

101 1772 227 1805 mente
253 1781 275 1804 a
301 1770 479 1805 maeticar
503 1770 537 1805 le
564 1771 703 1814 parole,
729 1770 901 1806 Carmide
934 1771 1032 1814 finge
1058 1771 1096 1805 di
1123 1771 1282 1814 venirgli
1315 1771 1355 1805 in
1392 1771 1506 1806 aiuto.
1531 1789 1578 1794 —

102 1830 151 1862 mi
183 1839 236 1862 em
260 1839 280 1863 o
306 1829 395 1862 mihi
419 1841 461 1862 en
486 1829 711 1872 sostituisoo,
755 1829 984 1873 seiogliendo
1022 1829 1050 1863 il
1092 1831 1176 1863 mim
1202 1840 1222 1863 ο
1248 1831 1322 1863 min
1348 1829 1409 1864 dei
1435 1829 1576 1872 codici3

106 1884 120 1899 '¹
142 1885 267 1921 eccolo
292 1897 315 1920 a
340 1897 398 1921 me
421 1913 449 1929 ‚.
489 1907 530 1912 —
629 1886 726 1921 923.
758 1900 820 1929 em,
848 1887 910 1922 cfr.
940 1900 976 1922 11.
1008 1888 1038 1921 3.
1074 1904 1118 1910 -
1155 1889 1237 1921 istic
1260 1888 1341 1929 erit,
1367 1888 1452 1923 sott.
1478 1899 1578 1932 quem

99 1948 137 1979 tu
161 1946 262 1979 dicis.
288 1944 326 1978 L’
337 1944 528 1979 Hermann
543 1947 693 1979 avverte
709 1945 919 1992 ariguardo
946 1945 984 1979 di
1010 1946 1143 1989 questa
1169 1944 1420 1988 espressione:
1450 1942 1463 1957 ¹‘
1481 1945 1576 1980 nihil

104 1999 119 2015 ⁸
140 2002 260 2047 magis
293 2002 448 2038 ridicule
481 2003 605 2038 dicere
643 2003 768 2047 potuit
793 2004 1025 2048 sycophanta
1051 2016 1161 2048 quam
1190 2007 1269 2039 istic
1294 2007 1372 2039 erit.
1400 2005 1478 2047 Quo
1504 2006 1577 2041 iste

104 2058 118 2073 ⁸
139 2061 303 2095 affirmat
335 2061 486 2105 quidem
511 2072 600 2102 rem,
628 2062 692 2096 sed
729 2062 817 2096 dum
851 2062 1068 2097 dubitanter
1094 2062 1271 2106 loquitur,
1298 2065 1576 2099 consternatum

105 2114 119 2130 ⁸
140 2129 179 2153 se
205 2129 284 2153 esse
322 2118 486 2154 ostendit
506 2146 533 2161 ,,.
560 2119 590 2153 11
625 2120 749 2154 futuro
787 2120 819 2154 si
856 2123 946 2155 nota
983 2121 1099 2155 anche
1127 2120 1270 2156 altrove
1304 2121 1343 2155 in
1376 2121 1510 2156 Plauto
1536 2121 1576 2156 in

99 2175 190 2210 frasi
215 2175 331 2210 simili
355 2187 378 2211 a
402 2178 546 2220 questa,
572 2187 639 2220 per
669 2176 870 2221 esprimere
896 2178 1053 2219 dubbi0;
1081 2179 1143 2213 cfr.
1164 2179 1297 2214 Pseud.
1329 2179 1360 2220 2,
1380 2179 1412 2220 3,
1444 2179 1484 2213 11
1515 2181 1577 2214 sed

100 2235 256 2277 profecto
281 2235 344 2268 hoc
368 2236 419 2268 sic
443 2237 522 2276 erit,
549 2234 647 2269 Pers.
667 2235 700 2276 4,
717 2235 750 2276 4,
770 2235 813 2270 93
838 2236 922 2269 haec
946 2239 1015 2270 erit
1040 2237 1126 2271 bono
1149 2248 1275 2280 yenere
1300 2242 1397 2278 nata,
1422 2235 1515 2272 Eun.
1540 2238 1576 2280 4,

101 2292 134 2333 5,
152 2291 173 2326 6
191 2293 333 2327 verbum
361 2293 475 2326 hercle
491 2293 554 2326 hoc
571 2304 688 2326 verum
706 2295 775 2327 erit
804 2290 817 2305 '⁴
841 2295 918 2327 sine
939 2295 1064 2328 Cerere
1080 2299 1112 2328 et
1129 2295 1258 2328 Libero
1274 2296 1384 2338 friyet
1408 2295 1525 2329 Venus
1544 2321 1574 2339 ,.

100 2366 146 2372 —-
170 2351 231 2393 qui
254 2351 274 2384 0
300 2350 502 2394 adoperato
528 2350 631 2394 negli
668 2350 832 2386 scrittori
871 2351 1007 2386 areaici
1034 2351 1090 2386 col
1116 2363 1223 2386 senso
1250 2352 1288 2386 di
1314 2354 1474 2394 utinam:
1509 2353 1573 2389 cfr.

100 2419 134 2442 V.
160 2407 228 2442 997
254 2418 274 2442 e
298 2408 395 2442 Men.
423 2408 490 2443 308
515 2411 576 2452 qui
592 2410 631 2442 di
646 2409 728 2443 illos
745 2411 805 2452 qui
822 2410 896 2444 illic
913 2410 1074 2443 habitant
1090 2412 1270 2453 perduint.
1288 2426 1332 2432 -·
1350 2412 1423 2445 iam
1440 2412 1574 2446 dudum

103 2461 118 2478 ⁸
139 2477 180 2500 or
204 2476 270 2500 ora
292 2493 320 2509 ‚,
338 2466 401 2501 cfr.
420 2478 454 2500 v.
473 2466 540 2501 909
560 2477 578 2501 0
597 2466 676 2501 608.
704 2481 745 2486 --
773 2467 802 2500 Il
820 2467 962 2502 Ritschl
987 2469 1153 2512 sospetta
1171 2467 1237 2503 che
1255 2468 1351 2512 dopo
1377 2468 1415 2502 di
1440 2471 1572 2513 questo

99 2535 204 2560 verso
230 2524 263 2559 ci
288 2524 345 2559 sia
369 2527 469 2560 staba
493 2537 568 2560 una
592 2525 738 2567 lacuna,
763 2526 830 2560 0110
858 2526 932 2569 egli
962 2525 1120 2570 riempie
1146 2526 1207 2561 1101
1233 2528 1412 2571 seguente
1438 2527 1572 2563 modo:

100 2583 180 2618 Non
203 2584 329 2628 placet,
353 2594 423 2626 qua
448 2588 479 2618 te
504 2595 587 2628 erya
612 2586 765 2618 amicum
791 2585 886 2619 video
912 2585 1073 2618 amicitia
1098 2586 1202 2619 utier.
1233 2601 1270 2608 -
1353 2583 1451 2620 925.
1477 2588 1574 2621 satin
