<?xml version="1.0" encoding="UTF-8"?>
<!DOCTYPE html PUBLIC "-//W3C//DTD XHTML 1.0 Transitional//EN"
    "http://www.w3.org/TR/xhtml1/DTD/xhtml1-transitional.dtd">
<html xmlns="http://www.w3.org/1999/xhtml" xml:lang="en" lang="en">
 <head>
  <title>
</title>
<meta http-equiv="Content-Type" content="text/html;charset=utf-8" />
  <meta name='ocr-system' content='tesseract 3.04.00' />
  <meta name='ocr-capabilities' content='ocr_page ocr_carea ocr_par ocr_line ocrx_word'/>
</head>
<body>
  <div class='ocr_page' id='page_1' title='image "./trinummus1921plauuoft_0140.png"; bbox 0 0 1818 2973; ppageno 0'>
   <div class='ocr_carea' id='block_1_1' title="bbox 229 80 1121 122">
    <p class='ocr_par' dir='ltr' id='par_1_1' title="bbox 229 80 1121 122">
     <span class='ocr_line' id='line_1_1' title="bbox 229 80 1121 122; baseline -0.002 -1"><span class='ocrx_word' id='word_1_1' title='bbox 229 80 295 122; x_wconf 81' lang='lat'><strong>116</strong></span> <span class='ocrx_word' id='word_1_2' title='bbox 819 90 860 120; x_wconf 75' lang='lat' dir='ltr'><strong>u.</strong></span> <span class='ocrx_word' id='word_1_3' title='bbox 883 92 966 120; x_wconf 70' lang='lat' dir='ltr'><strong>Acer</strong></span> <span class='ocrx_word' id='word_1_4' title='bbox 987 88 1121 120; x_wconf 66' lang='lat' dir='ltr'>pum-1</span> 
     </span>
    </p>
   </div>
   <div class='ocr_carea' id='block_1_2' title="bbox 227 168 1706 372">
    <p class='ocr_par' dir='ltr' id='par_1_2' title="bbox 227 168 1706 372">
     <span class='ocr_line' id='line_1_2' title="bbox 227 168 1706 229; baseline 0 -11"><span class='ocrx_word' id='word_1_5' title='bbox 227 179 303 218; x_wconf 74' lang='lat' dir='ltr'><strong>Cn.</strong></span> <span class='ocrx_word' id='word_1_6' title='bbox 331 173 394 218; x_wconf 69' lang='lat' dir='ltr'><strong>Ne</strong></span> <span class='ocrx_word' id='word_1_7' title='bbox 421 177 532 218; x_wconf 83' lang='lat' dir='ltr'><strong>male</strong></span> <span class='ocrx_word' id='word_1_8' title='bbox 559 177 733 228; x_wconf 83' lang='lat' dir='ltr'><strong>loquere</strong></span> <span class='ocrx_word' id='word_1_9' title='bbox 759 173 923 216; x_wconf 76' lang='lat' dir='ltr'><strong>absenti</strong></span> <span class='ocrx_word' id='word_1_10' title='bbox 949 174 1098 216; x_wconf 86' lang='lat' dir='ltr'>amico.</span> <span class='ocrx_word' id='word_1_11' title='bbox 1151 176 1226 217; x_wconf 86' lang='lat' dir='ltr'><strong>Sv.</strong></span> <span class='ocrx_word' id='word_1_12' title='bbox 1253 168 1360 223; x_wconf 81' lang='lat' dir='ltr'>Quid</span> <span class='ocrx_word' id='word_1_13' title='bbox 1378 186 1481 229; x_wconf 85' lang='lat' dir='ltr'><strong>ergo</strong></span> <span class='ocrx_word' id='word_1_14' title='bbox 1499 173 1571 218; x_wconf 80' lang='lat' dir='ltr'><strong>ille</strong></span> <span class='ocrx_word' id='word_1_15' title='bbox 1590 172 1706 228; x_wconf 74' lang='lat' dir='ltr'><strong>igna-</strong></span> 
     </span>
     <span class='ocr_line' id='line_1_3' title="bbox 1493 257 1706 288; baseline 0.009 -2"><span class='ocrx_word' id='word_1_16' title='bbox 1493 257 1706 288; x_wconf 81' lang='lat' dir='ltr'><em>mssumus</em></span> 
     </span>
     <span class='ocr_line' id='line_1_4' title="bbox 272 316 1704 372; baseline -0.001 -9"><span class='ocrx_word' id='word_1_17' title='bbox 272 344 277 347; x_wconf 34' lang='grc' dir='ltr'><em>ι</em></span> <span class='ocrx_word' id='word_1_18' title='bbox 334 317 438 363; x_wconf 84' lang='lat' dir='ltr'>Mihi</span> <span class='ocrx_word' id='word_1_19' title='bbox 466 320 687 362; x_wconf 72' lang='lat' dir='ltr'><strong>latitabat?</strong></span> <span class='ocrx_word' id='word_1_20' title='bbox 739 322 814 361; x_wconf 76' lang='lat' dir='ltr'><strong>Cn.</strong></span> <span class='ocrx_word' id='word_1_21' title='bbox 843 321 885 360; x_wconf 85' lang='lat' dir='ltr'><strong>Si</strong></span> <span class='ocrx_word' id='word_1_22' title='bbox 914 316 1182 372; x_wconf 42' lang='lat' dir='ltr'><strong>{appellasses</strong></span> <span class='ocrx_word' id='word_1_23' title='bbox 1224 316 1507 371; x_wconf 62' lang='lat' dir='ltr'><strong>respondisset</strong></span> <span class='ocrx_word' id='word_1_24' title='bbox 1532 320 1704 362; x_wconf 79' lang='lat' dir='ltr'><strong>nomini.</strong></span> 
     </span>
    </p>
   </div>
   <div class='ocr_carea' id='block_1_3' title="bbox 333 391 1705 521">
    <p class='ocr_par' dir='ltr' id='par_1_3' title="bbox 333 391 1705 521">
     <span class='ocr_line' id='line_1_5' title="bbox 333 391 1702 449; baseline 0.001 -12"><span class='ocrx_word' id='word_1_25' title='bbox 333 396 412 438; x_wconf 70' lang='lat' dir='ltr'><strong>Sed</strong></span> <span class='ocrx_word' id='word_1_26' title='bbox 441 398 530 449; x_wconf 83' lang='lat' dir='ltr'><strong>ipse</strong></span> <span class='ocrx_word' id='word_1_27' title='bbox 557 398 698 437; x_wconf 72' lang='lat' dir='ltr'><strong>ubist?</strong></span> <span class='ocrx_word' id='word_1_28' title='bbox 753 398 825 438; x_wconf 87' lang='lat' dir='ltr'><strong>Sv.</strong></span> <span class='ocrx_word' id='word_1_29' title='bbox 855 396 927 437; x_wconf 84' lang='lat' dir='ltr'><strong>Pol</strong></span> <span class='ocrx_word' id='word_1_30' title='bbox 956 391 1074 435; x_wconf 66' lang='lat' dir='ltr'><strong>illt’lm</strong></span> <span class='ocrx_word' id='word_1_31' title='bbox 1102 395 1255 446; x_wconf 84' lang='lat' dir='ltr'>reliqui</span> <span class='ocrx_word' id='word_1_32' title='bbox 1283 395 1337 436; x_wconf 84' lang='lat' dir='ltr'><strong>ad</strong></span> <span class='ocrx_word' id='word_1_33' title='bbox 1364 394 1702 438; x_wconf 59' lang='lat' dir='ltr'><strong>Rhadamantem</strong></span> 
     </span>
     <span class='ocr_line' id='line_1_6' title="bbox 1207 463 1705 521; baseline 0.008 -17"><span class='ocrx_word' id='word_1_34' title='bbox 1207 465 1251 505; x_wconf 85' lang='lat' dir='ltr'><strong>in</strong></span> <span class='ocrx_word' id='word_1_35' title='bbox 1278 463 1480 517; x_wconf 80' lang='lat' dir='ltr'><strong>Cercopia</strong></span> <span class='ocrx_word' id='word_1_36' title='bbox 1511 465 1705 521; x_wconf 19' lang='lat' dir='ltr'><strong>[insula-l.</strong></span> 
     </span>
    </p>
   </div>
   <div class='ocr_carea' id='block_1_4' title="bbox 1741 0 1818 523">
    <p class='ocr_par' dir='ltr' id='par_1_4' title="bbox 1741 0 1818 523">
     <span class='ocr_line' id='line_1_7' title="bbox 1741 0 1818 523; baseline 0 2450"><span class='ocrx_word' id='word_1_37' title='bbox 1741 0 1818 523; x_wconf 95' lang='lat' dir='ltr'><strong> </strong></span> 
     </span>
    </p>
   </div>
   <div class='ocr_carea' id='block_1_5' title="bbox 229 521 1818 594">
    <p class='ocr_par' dir='ltr' id='par_1_5' title="bbox 229 521 1818 594">
     <span class='ocr_line' id='line_1_8' title="bbox 229 521 1818 594; baseline 0 -10"><span class='ocrx_word' id='word_1_38' title='bbox 229 545 305 584; x_wconf 75' lang='lat' dir='ltr'><strong>Gn.</strong></span> <span class='ocrx_word' id='word_1_39' title='bbox 332 538 432 592; x_wconf 84' lang='lat' dir='ltr'><strong>Quis</strong></span> <span class='ocrx_word' id='word_1_40' title='bbox 459 542 626 583; x_wconf 90' lang='lat' dir='ltr'><em>homost</em></span> <span class='ocrx_word' id='word_1_41' title='bbox 644 553 711 584; x_wconf 90' lang='lat' dir='ltr'><strong>me</strong></span> <span class='ocrx_word' id='word_1_42' title='bbox 730 538 992 594; x_wconf 77' lang='lat' dir='ltr'><strong>insipientior</strong></span> <span class='ocrx_word' id='word_1_43' title='bbox 1011 541 1081 593; x_wconf 86' lang='lat' dir='ltr'><strong>qui</strong></span> <span class='ocrx_word' id='word_1_44' title='bbox 1102 542 1191 593; x_wconf 85' lang='lat' dir='ltr'><strong>ipse</strong></span> <span class='ocrx_word' id='word_1_45' title='bbox 1210 539 1375 593; x_wconf 77' lang='lat' dir='ltr'><strong>egomet</strong></span> <span class='ocrx_word' id='word_1_46' title='bbox 1394 542 1463 582; x_wconf 90' lang='lat' dir='ltr'><strong>ubi</strong></span> <span class='ocrx_word' id='word_1_47' title='bbox 1482 542 1561 583; x_wconf 82' lang='lat' dir='ltr'><strong>sim</strong></span> <span class='ocrx_word' id='word_1_48' title='bbox 1580 541 1706 594; x_wconf 72' lang='lat' dir='ltr'><strong>quae·</strong></span> <span class='ocrx_word' id='word_1_49' title='bbox 1773 531 1778 535; x_wconf 62' lang='grc'><strong>’</strong></span> <span class='ocrx_word' id='word_1_50' title='bbox 1813 521 1818 535; x_wconf 56' lang='grc'>’</span> 
     </span>
    </p>
   </div>
   <div class='ocr_carea' id='block_1_6' title="bbox 232 612 1710 1250">
    <p class='ocr_par' dir='ltr' id='par_1_6' title="bbox 337 612 1708 811">
     <span class='ocr_line' id='line_1_9' title="bbox 801 612 1707 653; baseline 0.006 -5"><span class='ocrx_word' id='word_1_51' title='bbox 801 646 804 648; x_wconf 88' lang='grc'>,</span> <span class='ocrx_word' id='word_1_52' title='bbox 1549 612 1707 653; x_wconf 70' lang='lat' dir='ltr'><strong>ritem?</strong></span> 
     </span>
     <span class='ocr_line' id='line_1_10' title="bbox 337 681 1707 738; baseline -0.001 -9"><span class='ocrx_word' id='word_1_53' title='bbox 337 685 416 729; x_wconf 74' lang='lat' dir='ltr'><strong>Sed</strong></span> <span class='ocrx_word' id='word_1_54' title='bbox 443 688 502 728; x_wconf 81' lang='lat' dir='ltr'><strong>nil</strong></span> <span class='ocrx_word' id='word_1_55' title='bbox 531 682 792 729; x_wconf 70' lang='lat' dir='ltr'><strong>discondficit</strong></span> <span class='ocrx_word' id='word_1_56' title='bbox 819 687 922 728; x_wconf 85' lang='lat' dir='ltr'><strong>huic</strong></span> <span class='ocrx_word' id='word_1_57' title='bbox 949 687 1025 728; x_wconf 85' lang='lat' dir='ltr'><strong>rei.</strong></span> <span class='ocrx_word' id='word_1_58' title='bbox 1081 681 1178 738; x_wconf 86' lang='lat' dir='ltr'><strong>quid</strong></span> <span class='ocrx_word' id='word_1_59' title='bbox 1207 686 1299 727; x_wconf 81' lang='lat' dir='ltr'><strong>ais?</strong></span> <span class='ocrx_word' id='word_1_60' title='bbox 1352 687 1451 738; x_wconf 86' lang='lat' dir='ltr'>quid</span> <span class='ocrx_word' id='word_1_61' title='bbox 1489 687 1570 729; x_wconf 84' lang='lat' dir='ltr'><strong>hoc</strong></span> <span class='ocrx_word' id='word_1_62' title='bbox 1598 687 1707 738; x_wconf 85' lang='lat' dir='ltr'>quod</span> 
     </span>
     <span class='ocr_line' id='line_1_11' title="bbox 1312 753 1708 811; baseline 0.005 -15"><span class='ocrx_word' id='word_1_63' title='bbox 1312 753 1354 797; x_wconf 76' lang='lat' dir='ltr'><strong>te</strong></span> <span class='ocrx_word' id='word_1_64' title='bbox 1381 759 1513 809; x_wconf 72' lang='lat' dir='ltr'>rogo?</span> <span class='ocrx_word' id='word_1_65' title='bbox 1566 786 1601 811; x_wconf 72' lang='lat'><strong>⁸⁵</strong></span> <span class='ocrx_word' id='word_1_66' title='bbox 1629 759 1708 798; x_wconf 88' lang='lat'><strong>930</strong></span> 
     </span>
    </p>

    <p class='ocr_par' dir='ltr' id='par_1_7' title="bbox 232 815 1710 1250">
     <span class='ocr_line' id='line_1_12' title="bbox 339 815 1624 882; baseline -0.002 -8"><span class='ocrx_word' id='word_1_67' title='bbox 339 832 448 882; x_wconf 72' lang='lat' dir='ltr'><strong>Quos</strong></span> <span class='ocrx_word' id='word_1_68' title='bbox 475 835 586 874; x_wconf 81' lang='lat' dir='ltr'><strong>locos</strong></span> <span class='ocrx_word' id='word_1_69' title='bbox 614 829 784 873; x_wconf 72' lang='lat' dir='ltr'><strong>adiisti?</strong></span> <span class='ocrx_word' id='word_1_70' title='bbox 835 834 906 874; x_wconf 83' lang='lat' dir='ltr'><strong>sv.</strong></span> <span class='ocrx_word' id='word_1_71' title='bbox 936 831 1121 872; x_wconf 75' lang='lat' dir='ltr'><strong>Nimium</strong></span> <span class='ocrx_word' id='word_1_72' title='bbox 1149 815 1380 871; x_wconf 60' lang='lat' dir='ltr'><strong>mirimodis</strong></span> <span class='ocrx_word' id='word_1_73' title='bbox 1409 830 1624 873; x_wconf 60' lang='lat' dir='ltr'><strong>mirabilis.</strong></span> 
     </span>
     <span class='ocr_line' id='line_1_13' title="bbox 232 901 1704 958; baseline -0.001 -8"><span class='ocrx_word' id='word_1_74' title='bbox 232 912 307 950; x_wconf 80' lang='lat' dir='ltr'><strong>Cn.</strong></span> <span class='ocrx_word' id='word_1_75' title='bbox 335 906 468 950; x_wconf 69' lang='lat' dir='ltr'><strong>Lfibet</strong></span> <span class='ocrx_word' id='word_1_76' title='bbox 487 910 646 957; x_wconf 82' lang='lat' dir='ltr'><strong>audire,</strong></span> <span class='ocrx_word' id='word_1_77' title='bbox 678 904 756 948; x_wconf 82' lang='lat' dir='ltr'><strong>nisi</strong></span> <span class='ocrx_word' id='word_1_78' title='bbox 786 909 1059 948; x_wconf 86' lang='lat' dir='ltr'><strong>molestumst.</strong></span> <span class='ocrx_word' id='word_1_79' title='bbox 1114 909 1187 949; x_wconf 84' lang='lat' dir='ltr'><strong>Sv.</strong></span> <span class='ocrx_word' id='word_1_80' title='bbox 1215 901 1323 954; x_wconf 85' lang='lat' dir='ltr'><strong>Quin</strong></span> <span class='ocrx_word' id='word_1_81' title='bbox 1343 901 1529 958; x_wconf 67' lang='lat' dir='ltr'><strong>discfipio</strong></span> <span class='ocrx_word' id='word_1_82' title='bbox 1548 902 1704 950; x_wconf 84' lang='lat' dir='ltr'><strong>dicere.</strong></span> 
     </span>
     <span class='ocr_line' id='line_1_14' title="bbox 339 966 1706 1036; baseline -0.001 -10"><span class='ocrx_word' id='word_1_83' title='bbox 339 986 533 1026; x_wconf 90' lang='lat' dir='ltr'>Omnium</span> <span class='ocrx_word' id='word_1_84' title='bbox 562 985 744 1036; x_wconf 86' lang='lat' dir='ltr'><strong>primum</strong></span> <span class='ocrx_word' id='word_1_85' title='bbox 773 983 816 1023; x_wconf 93' lang='lat' dir='ltr'><strong>in</strong></span> <span class='ocrx_word' id='word_1_86' title='bbox 843 981 1023 1024; x_wconf 75' lang='lat' dir='ltr'><strong>Pontum</strong></span> <span class='ocrx_word' id='word_1_87' title='bbox 1050 983 1218 1023; x_wconf 84' lang='lat' dir='ltr'><strong>aduecti</strong></span> <span class='ocrx_word' id='word_1_88' title='bbox 1248 983 1300 1023; x_wconf 83' lang='lat' dir='ltr'><strong>ad</strong></span> <span class='ocrx_word' id='word_1_89' title='bbox 1328 966 1525 1023; x_wconf 77' lang='lat' dir='ltr'><strong>A&#39;rabiam</strong></span> <span class='ocrx_word' id='word_1_90' title='bbox 1545 981 1706 1024; x_wconf 58' lang='lat' dir='ltr'><strong>terram</strong></span> 
     </span>
     <span class='ocr_line' id='line_1_15' title="bbox 1553 1064 1710 1094; baseline 0 -1"><span class='ocrx_word' id='word_1_91' title='bbox 1553 1064 1710 1094; x_wconf 87' lang='lat' dir='ltr'><em>sumus.</em></span> 
     </span>
     <span class='ocr_line' id='line_1_16' title="bbox 235 1124 1709 1179; baseline -0.003 -5"><span class='ocrx_word' id='word_1_92' title='bbox 235 1134 312 1174; x_wconf 76' lang='lat' dir='ltr'><strong>Cn.</strong></span> <span class='ocrx_word' id='word_1_93' title='bbox 337 1124 440 1179; x_wconf 77' lang='lat' dir='ltr'>Eho,</span> <span class='ocrx_word' id='word_1_94' title='bbox 469 1141 523 1171; x_wconf 87' lang='lat' dir='ltr'><strong>an</strong></span> <span class='ocrx_word' id='word_1_95' title='bbox 552 1130 680 1171; x_wconf 80' lang='lat' dir='ltr'><strong>etiam</strong></span> <span class='ocrx_word' id='word_1_96' title='bbox 708 1127 902 1170; x_wconf 54' lang='lat' dir='ltr'><strong>Arabiest</strong></span> <span class='ocrx_word' id='word_1_97' title='bbox 930 1129 972 1168; x_wconf 92' lang='lat' dir='ltr'><strong>in</strong></span> <span class='ocrx_word' id='word_1_98' title='bbox 1000 1127 1157 1169; x_wconf 77' lang='lat' dir='ltr'><strong>Ponto?</strong></span> <span class='ocrx_word' id='word_1_99' title='bbox 1212 1130 1284 1170; x_wconf 87' lang='lat' dir='ltr'><strong>Sv.</strong></span> <span class='ocrx_word' id='word_1_100' title='bbox 1314 1130 1405 1168; x_wconf 83' lang='lat' dir='ltr'><strong>Est:</strong></span> <span class='ocrx_word' id='word_1_101' title='bbox 1435 1126 1517 1169; x_wconf 75' lang='lat' dir='ltr'><strong>non</strong></span> <span class='ocrx_word' id='word_1_102' title='bbox 1545 1128 1617 1169; x_wconf 83' lang='lat' dir='ltr'><strong>illa</strong></span> <span class='ocrx_word' id='word_1_103' title='bbox 1638 1129 1709 1170; x_wconf 84' lang='lat' dir='ltr'><strong>ubi</strong></span> 
     </span>
     <span class='ocr_line' id='line_1_17' title="bbox 1416 1194 1710 1250; baseline 0 -12"><span class='ocrx_word' id='word_1_104' title='bbox 1416 1200 1483 1238; x_wconf 87' lang='lat' dir='ltr'><strong>tus</strong></span> <span class='ocrx_word' id='word_1_105' title='bbox 1510 1194 1710 1250; x_wconf 85' lang='lat' dir='ltr'><strong>gignitur,</strong></span> 
     </span>
    </p>
   </div>
   <div class='ocr_carea' id='block_1_7' title="bbox 235 1305 1818 1359">
    <p class='ocr_par' dir='ltr' id='par_1_8' title="bbox 235 1305 1818 1359">
     <span class='ocr_line' id='line_1_18' title="bbox 235 1305 1818 1359; baseline -0.004 -11"><span class='ocrx_word' id='word_1_106' title='bbox 235 1312 545 1348; x_wconf 77' lang='lat' dir='ltr'><strong>latuit=satisne</strong></span> <span class='ocrx_word' id='word_1_107' title='bbox 570 1314 620 1344; x_wconf 87' lang='lat' dir='ltr'><strong>est</strong></span> <span class='ocrx_word' id='word_1_108' title='bbox 644 1310 763 1343; x_wconf 72' lang='lat' dir='ltr'><strong><em>virum</em></strong></span> <span class='ocrx_word' id='word_1_109' title='bbox 788 1309 935 1342; x_wconf 77' lang='lat' dir='ltr'><strong>latuisse</strong></span> <span class='ocrx_word' id='word_1_110' title='bbox 960 1312 998 1341; x_wconf 81' lang='lat' dir='ltr'><strong>ut</strong></span> <span class='ocrx_word' id='word_1_111' title='bbox 1023 1318 1083 1351; x_wconf 72' lang='lat' dir='ltr'><strong>eqo</strong></span> <span class='ocrx_word' id='word_1_112' title='bbox 1108 1308 1198 1341; x_wconf 86' lang='lat' dir='ltr'><strong>male</strong></span> <span class='ocrx_word' id='word_1_113' title='bbox 1223 1308 1401 1341; x_wconf 79' lang='lat' dir='ltr'><strong><em>dicerem?</em></strong></span> <span class='ocrx_word' id='word_1_114' title='bbox 1424 1324 1466 1330; x_wconf 88' lang='lat'>—</span> <span class='ocrx_word' id='word_1_115' title='bbox 1540 1305 1637 1343; x_wconf 86' lang='lat'>926.</span> <span class='ocrx_word' id='word_1_116' title='bbox 1664 1308 1712 1342; x_wconf 83' lang='lat' dir='ltr'><strong>lo·</strong></span> <span class='ocrx_word' id='word_1_117' title='bbox 1785 1325 1818 1359; x_wconf 33' lang='grc' dir='ltr'><strong>-α</strong></span> 
     </span>
    </p>
   </div>
   <div class='ocr_carea' id='block_1_8' title="bbox 235 1365 1722 2633">
    <p class='ocr_par' dir='ltr' id='par_1_9' title="bbox 235 1365 1722 2633">
     <span class='ocr_line' id='line_1_19' title="bbox 235 1365 1712 1416; baseline -0.003 -10"><span class='ocrx_word' id='word_1_118' title='bbox 235 1383 350 1416; x_wconf 78' lang='lat' dir='ltr'><strong>quere,</strong></span> <span class='ocrx_word' id='word_1_119' title='bbox 376 1369 433 1405; x_wconf 90' lang='lat' dir='ltr'><strong>col</strong></span> <span class='ocrx_word' id='word_1_120' title='bbox 459 1368 629 1412; x_wconf 84' lang='lat' dir='ltr'><strong>Bentley,</strong></span> <span class='ocrx_word' id='word_1_121' title='bbox 654 1378 722 1412; x_wconf 87' lang='lat' dir='ltr'><strong>per</strong></span> <span class='ocrx_word' id='word_1_122' title='bbox 746 1368 891 1410; x_wconf 81' lang='lat' dir='ltr'><strong>loquare</strong></span> <span class='ocrx_word' id='word_1_123' title='bbox 916 1365 977 1401; x_wconf 84' lang='lat' dir='ltr'><strong>dei</strong></span> <span class='ocrx_word' id='word_1_124' title='bbox 1003 1365 1133 1401; x_wconf 80' lang='lat' dir='ltr'><strong>codici.</strong></span> <span class='ocrx_word' id='word_1_125' title='bbox 1159 1382 1203 1389; x_wconf 91' lang='lat'>—</span> <span class='ocrx_word' id='word_1_126' title='bbox 1229 1367 1315 1409; x_wconf 80' lang='lat' dir='ltr'><strong>quid</strong></span> <span class='ocrx_word' id='word_1_127' title='bbox 1350 1368 1443 1409; x_wconf 72' lang='grc' dir='ltr'><em>ἔνρο,</em></span> <span class='ocrx_word' id='word_1_128' title='bbox 1476 1365 1540 1400; x_wconf 83' lang='lat' dir='ltr'>cfr.</span> <span class='ocrx_word' id='word_1_129' title='bbox 1573 1366 1712 1402; x_wconf 76' lang='lat' dir='ltr'><strong>Introd.</strong></span> 
     </span>
     <span class='ocr_line' id='line_1_20' title="bbox 236 1422 1713 1473; baseline -0.003 -9"><span class='ocrx_word' id='word_1_130' title='bbox 236 1429 341 1473; x_wconf 73' lang='lat' dir='ltr'><strong>Capt.</strong></span> <span class='ocrx_word' id='word_1_131' title='bbox 369 1427 567 1465; x_wconf 83' lang='lat' dir='ltr'>XXXVIII.</span> <span class='ocrx_word' id='word_1_132' title='bbox 605 1444 649 1448; x_wconf 94' lang='lat'><strong>—</strong></span> <span class='ocrx_word' id='word_1_133' title='bbox 687 1427 951 1469; x_wconf 74' lang='lat' dir='ltr'><strong>iynavissunms</strong></span> <span class='ocrx_word' id='word_1_134' title='bbox 979 1422 992 1436; x_wconf 82' lang='lat'>⁸</span> <span class='ocrx_word' id='word_1_135' title='bbox 1014 1423 1100 1467; x_wconf 86' lang='lat' dir='ltr'><strong>quel</strong></span> <span class='ocrx_word' id='word_1_136' title='bbox 1134 1434 1227 1467; x_wconf 85' lang='lat' dir='ltr'><strong>capo</strong></span> <span class='ocrx_word' id='word_1_137' title='bbox 1253 1423 1393 1458; x_wconf 81' lang='lat' dir='ltr'><strong>sea-rico</strong></span> <span class='ocrx_word' id='word_1_138' title='bbox 1415 1434 1452 1467; x_wconf 69' lang='lat'><strong>„5</strong></span> <span class='ocrx_word' id='word_1_139' title='bbox 1478 1423 1507 1458; x_wconf 87' lang='lat' dir='ltr'><strong>il</strong></span> <span class='ocrx_word' id='word_1_140' title='bbox 1531 1422 1713 1460; x_wconf 81' lang='lat' dir='ltr'><strong>sicofante</strong></span> 
     </span>
     <span class='ocr_line' id='line_1_21' title="bbox 236 1482 1713 1528; baseline -0.004 -5"><span class='ocrx_word' id='word_1_141' title='bbox 236 1488 384 1524; x_wconf 82' lang='lat' dir='ltr'>chiama</span> <span class='ocrx_word' id='word_1_142' title='bbox 410 1487 485 1521; x_wconf 73' lang='lat' dir='ltr'><strong>cosi</strong></span> <span class='ocrx_word' id='word_1_143' title='bbox 509 1483 693 1525; x_wconf 84' lang='lat' dir='ltr'><strong>Carmide‚</strong></span> <span class='ocrx_word' id='word_1_144' title='bbox 723 1483 859 1528; x_wconf 71' lang='lat' dir='ltr'><strong>perche</strong></span> <span class='ocrx_word' id='word_1_145' title='bbox 886 1482 1079 1517; x_wconf 82' lang='lat' dir='ltr'><strong>considera</strong></span> <span class='ocrx_word' id='word_1_146' title='bbox 1104 1493 1207 1517; x_wconf 86' lang='lat' dir='ltr'><strong>come</strong></span> <span class='ocrx_word' id='word_1_147' title='bbox 1232 1494 1307 1517; x_wconf 85' lang='lat' dir='ltr'><strong>una</strong></span> <span class='ocrx_word' id='word_1_148' title='bbox 1331 1493 1397 1517; x_wconf 82' lang='lat' dir='ltr'><strong>sua</strong></span> <span class='ocrx_word' id='word_1_149' title='bbox 1421 1482 1530 1526; x_wconf 83' lang='lat' dir='ltr'><strong>colpa</strong></span> <span class='ocrx_word' id='word_1_150' title='bbox 1554 1482 1713 1518; x_wconf 82' lang='lat' dir='ltr'><strong>l&#39;essersi</strong></span> 
     </span>
     <span class='ocr_line' id='line_1_22' title="bbox 237 1540 1714 1581; baseline -0.005 0"><span class='ocrx_word' id='word_1_151' title='bbox 237 1547 375 1581; x_wconf 78' lang='lat' dir='ltr'><strong>venuto</strong></span> <span class='ocrx_word' id='word_1_152' title='bbox 402 1555 424 1579; x_wconf 87' lang='lat' dir='ltr'>a</span> <span class='ocrx_word' id='word_1_153' title='bbox 449 1542 677 1578; x_wconf 85' lang='lat' dir='ltr'><strong>naseondere</strong></span> <span class='ocrx_word' id='word_1_154' title='bbox 696 1541 817 1576; x_wconf 83' lang='lat' dir='ltr'><strong>dietro</strong></span> <span class='ocrx_word' id='word_1_155' title='bbox 843 1540 877 1576; x_wconf 84' lang='lat' dir='ltr'><strong>le</strong></span> <span class='ocrx_word' id='word_1_156' title='bbox 903 1552 967 1576; x_wconf 82' lang='lat' dir='ltr'><strong>sue</strong></span> <span class='ocrx_word' id='word_1_157' title='bbox 997 1541 1130 1575; x_wconf 83' lang='lat' dir='ltr'><strong>labbra</strong></span> <span class='ocrx_word' id='word_1_158' title='bbox 1156 1551 1175 1575; x_wconf 89' lang='lat' dir='ltr'><strong>e</strong></span> <span class='ocrx_word' id='word_1_159' title='bbox 1201 1540 1214 1575; x_wconf 88' lang='lat' dir='ltr'>i</span> <span class='ocrx_word' id='word_1_160' title='bbox 1239 1540 1320 1576; x_wconf 78' lang='lat' dir='ltr'><strong>suoi</strong></span> <span class='ocrx_word' id='word_1_161' title='bbox 1338 1540 1453 1575; x_wconf 87' lang='lat' dir='ltr'><strong>denti.</strong></span> <span class='ocrx_word' id='word_1_162' title='bbox 1480 1557 1523 1563; x_wconf 93' lang='lat'><strong>-—</strong></span> <span class='ocrx_word' id='word_1_163' title='bbox 1549 1541 1714 1575; x_wconf 77' lang='lat' dir='ltr'><strong>latitabat</strong></span> 
     </span>
     <span class='ocr_line' id='line_1_23' title="bbox 241 1597 1714 1642; baseline -0.005 -3"><span class='ocrx_word' id='word_1_164' title='bbox 241 1602 255 1617; x_wconf 89' lang='grc'><em>“</em></span> <span class='ocrx_word' id='word_1_165' title='bbox 277 1613 432 1639; x_wconf 79' lang='lat' dir='ltr'><strong>coreava</strong></span> <span class='ocrx_word' id='word_1_166' title='bbox 456 1602 494 1636; x_wconf 88' lang='lat' dir='ltr'><strong>di</strong></span> <span class='ocrx_word' id='word_1_167' title='bbox 519 1599 758 1635; x_wconf 80' lang='lat' dir='ltr'><strong>nascondersi</strong></span> <span class='ocrx_word' id='word_1_168' title='bbox 780 1626 808 1642; x_wconf 88' lang='grc'><strong>,,.</strong></span> <span class='ocrx_word' id='word_1_169' title='bbox 835 1616 879 1623; x_wconf 88' lang='lat'>-</span> <span class='ocrx_word' id='word_1_170' title='bbox 929 1597 1025 1633; x_wconf 89' lang='grc'>927.</span> <span class='ocrx_word' id='word_1_171' title='bbox 1053 1598 1224 1634; x_wconf 86' lang='lat' dir='ltr'><strong>Carmide</strong></span> <span class='ocrx_word' id='word_1_172' title='bbox 1243 1599 1401 1639; x_wconf 80' lang='lat' dir='ltr'><strong>scherza,</strong></span> <span class='ocrx_word' id='word_1_173' title='bbox 1420 1597 1619 1634; x_wconf 84' lang='lat' dir='ltr'><strong>alludendo</strong></span> <span class='ocrx_word' id='word_1_174' title='bbox 1638 1597 1714 1632; x_wconf 85' lang='lat' dir='ltr'>alla</span> 
     </span>
     <span class='ocr_line' id='line_1_24' title="bbox 237 1656 1715 1700; baseline -0.005 -2"><span class='ocrx_word' id='word_1_175' title='bbox 237 1663 360 1698; x_wconf 63' lang='lat' dir='ltr'><strong>realta</strong></span> <span class='ocrx_word' id='word_1_176' title='bbox 384 1661 451 1696; x_wconf 84' lang='lat' dir='ltr'><strong>che</strong></span> <span class='ocrx_word' id='word_1_177' title='bbox 478 1671 590 1695; x_wconf 84' lang='lat' dir='ltr'><strong>ancor</strong></span> <span class='ocrx_word' id='word_1_178' title='bbox 608 1659 638 1693; x_wconf 85' lang='lat' dir='ltr'><strong>si</strong></span> <span class='ocrx_word' id='word_1_179' title='bbox 659 1659 739 1693; x_wconf 82' lang='lat' dir='ltr'><strong>cela</strong></span> <span class='ocrx_word' id='word_1_180' title='bbox 756 1658 793 1692; x_wconf 85' lang='lat' dir='ltr'><strong>al</strong></span> <span class='ocrx_word' id='word_1_181' title='bbox 810 1657 1004 1700; x_wconf 81' lang='lat' dir='ltr'><strong>sicofante,</strong></span> <span class='ocrx_word' id='word_1_182' title='bbox 1023 1657 1090 1692; x_wconf 88' lang='lat' dir='ltr'><strong>che</strong></span> <span class='ocrx_word' id='word_1_183' title='bbox 1116 1657 1144 1691; x_wconf 89' lang='lat' dir='ltr'><strong>il</strong></span> <span class='ocrx_word' id='word_1_184' title='bbox 1169 1656 1321 1692; x_wconf 82' lang='lat' dir='ltr'>vecchio</span> <span class='ocrx_word' id='word_1_185' title='bbox 1348 1656 1519 1691; x_wconf 85' lang='lat' dir='ltr'><strong>Carmide</strong></span> <span class='ocrx_word' id='word_1_186' title='bbox 1545 1656 1624 1692; x_wconf 71' lang='lat' dir='ltr'><strong>cioe</strong></span> <span class='ocrx_word' id='word_1_187' title='bbox 1651 1666 1715 1691; x_wconf 82' lang='lat' dir='ltr'><strong>era.</strong></span> 
     </span>
     <span class='ocr_line' id='line_1_25' title="bbox 239 1713 1715 1764; baseline -0.005 -8"><span class='ocrx_word' id='word_1_188' title='bbox 239 1733 262 1756; x_wconf 80' lang='lat' dir='ltr'><strong>a</strong></span> <span class='ocrx_word' id='word_1_189' title='bbox 288 1720 343 1755; x_wconf 90' lang='lat' dir='ltr'><strong>lui</strong></span> <span class='ocrx_word' id='word_1_190' title='bbox 371 1720 545 1764; x_wconf 82' lang='lat' dir='ltr'><strong>presente</strong></span> <span class='ocrx_word' id='word_1_191' title='bbox 572 1729 591 1753; x_wconf 86' lang='lat' dir='ltr'><strong>e</strong></span> <span class='ocrx_word' id='word_1_192' title='bbox 617 1718 772 1752; x_wconf 80' lang='lat' dir='ltr'><strong>bastava</strong></span> <span class='ocrx_word' id='word_1_193' title='bbox 798 1716 961 1751; x_wconf 79' lang='lat' dir='ltr'><strong>soltanto</strong></span> <span class='ocrx_word' id='word_1_194' title='bbox 988 1715 1191 1750; x_wconf 82' lang='lat' dir='ltr'>chiamarlo</span> <span class='ocrx_word' id='word_1_195' title='bbox 1217 1715 1353 1758; x_wconf 69' lang='lat' dir='ltr'><strong>perche</strong></span> <span class='ocrx_word' id='word_1_196' title='bbox 1377 1713 1432 1758; x_wconf 81' lang='lat' dir='ltr'><strong>gli</strong></span> <span class='ocrx_word' id='word_1_197' title='bbox 1457 1713 1715 1758; x_wconf 75' lang='lat' dir='ltr'><strong>rispondesse3</strong></span> 
     </span>
     <span class='ocr_line' id='line_1_26' title="bbox 238 1771 1716 1824; baseline -0.005 -10"><span class='ocrx_word' id='word_1_198' title='bbox 238 1779 371 1824; x_wconf 74' lang='lat' dir='ltr'><strong>poiche</strong></span> <span class='ocrx_word' id='word_1_199' title='bbox 397 1789 470 1813; x_wconf 91' lang='lat' dir='ltr'><strong>non</strong></span> <span class='ocrx_word' id='word_1_200' title='bbox 496 1788 560 1812; x_wconf 85' lang='lat' dir='ltr'><strong>era</strong></span> <span class='ocrx_word' id='word_1_201' title='bbox 584 1778 701 1820; x_wconf 85' lang='lat' dir='ltr'><strong>punto</strong></span> <span class='ocrx_word' id='word_1_202' title='bbox 727 1786 815 1809; x_wconf 88' lang='lat' dir='ltr'><strong>vero</strong></span> <span class='ocrx_word' id='word_1_203' title='bbox 842 1775 908 1809; x_wconf 85' lang='lat' dir='ltr'><strong>che</strong></span> <span class='ocrx_word' id='word_1_204' title='bbox 935 1774 965 1809; x_wconf 84' lang='lat' dir='ltr'><strong>si</strong></span> <span class='ocrx_word' id='word_1_205' title='bbox 990 1774 1088 1809; x_wconf 80' lang='lat' dir='ltr'><strong>fosse</strong></span> <span class='ocrx_word' id='word_1_206' title='bbox 1113 1775 1298 1808; x_wconf 79' lang='lat' dir='ltr'><strong>nasoosto.</strong></span> <span class='ocrx_word' id='word_1_207' title='bbox 1325 1787 1367 1792; x_wconf 82' lang='lat'><em>-</em></span> <span class='ocrx_word' id='word_1_208' title='bbox 1449 1771 1547 1806; x_wconf 87' lang='grc'><strong>928.</strong></span> <span class='ocrx_word' id='word_1_209' title='bbox 1572 1772 1716 1807; x_wconf 80' lang='lat' dir='ltr'><strong>Rhada-</strong></span> 
     </span>
     <span class='ocr_line' id='line_1_27' title="bbox 238 1829 1716 1878; baseline -0.005 -7"><span class='ocrx_word' id='word_1_210' title='bbox 238 1842 400 1878; x_wconf 83' lang='lat' dir='ltr'><strong>mantem,</strong></span> <span class='ocrx_word' id='word_1_211' title='bbox 416 1835 473 1870; x_wconf 88' lang='lat' dir='ltr'><strong>ooi</strong></span> <span class='ocrx_word' id='word_1_212' title='bbox 499 1834 639 1870; x_wconf 85' lang='lat' dir='ltr'><strong>codici:</strong></span> <span class='ocrx_word' id='word_1_213' title='bbox 665 1833 692 1867; x_wconf 84' lang='lat' dir='ltr'><strong>il</strong></span> <span class='ocrx_word' id='word_1_214' title='bbox 719 1833 862 1868; x_wconf 81' lang='lat' dir='ltr'><strong>Ritschl</strong></span> <span class='ocrx_word' id='word_1_215' title='bbox 895 1831 1094 1867; x_wconf 80' lang='lat' dir='ltr'><strong>sostituiva</strong></span> <span class='ocrx_word' id='word_1_216' title='bbox 1117 1831 1515 1872; x_wconf 84' lang='lat' dir='ltr'><strong>invece’Rhadamam‚</strong></span> <span class='ocrx_word' id='word_1_217' title='bbox 1542 1829 1716 1865; x_wconf 77' lang='lat' dir='ltr'><strong>sull’ana-</strong></span> 
     </span>
     <span class='ocr_line' id='line_1_28' title="bbox 238 1887 1716 1939; baseline -0.005 -9"><span class='ocrx_word' id='word_1_218' title='bbox 238 1894 341 1939; x_wconf 80' lang='lat' dir='ltr'>logia</span> <span class='ocrx_word' id='word_1_219' title='bbox 371 1894 430 1928; x_wconf 86' lang='lat' dir='ltr'><strong>del</strong></span> <span class='ocrx_word' id='word_1_220' title='bbox 465 1904 548 1936; x_wconf 85' lang='lat' dir='ltr'><strong>gen.</strong></span> <span class='ocrx_word' id='word_1_221' title='bbox 590 1891 1021 1926; x_wconf 77' lang='lat' dir='ltr'><strong>Calchae=Calchantis</strong></span> <span class='ocrx_word' id='word_1_222' title='bbox 1054 1889 1102 1924; x_wconf 84' lang='lat' dir='ltr'><strong>da</strong></span> <span class='ocrx_word' id='word_1_223' title='bbox 1138 1890 1290 1923; x_wconf 82' lang='lat' dir='ltr'><strong>Chalcas</strong></span> <span class='ocrx_word' id='word_1_224' title='bbox 1315 1899 1334 1923; x_wconf 86' lang='lat' dir='ltr'><strong>e</strong></span> <span class='ocrx_word' id='word_1_225' title='bbox 1361 1888 1399 1922; x_wconf 87' lang='lat' dir='ltr'><strong>di</strong></span> <span class='ocrx_word' id='word_1_226' title='bbox 1424 1887 1538 1923; x_wconf 86' lang='lat' dir='ltr'>Prisc.</span> <span class='ocrx_word' id='word_1_227' title='bbox 1570 1887 1629 1930; x_wconf 91' lang='lat' dir='ltr'><strong>VI,</strong></span> <span class='ocrx_word' id='word_1_228' title='bbox 1658 1887 1716 1930; x_wconf 86' lang='lat'><strong>53,</strong></span> 
     </span>
     <span class='ocr_line' id='line_1_29' title="bbox 239 1945 1717 1997; baseline -0.006 -9"><span class='ocrx_word' id='word_1_229' title='bbox 239 1964 274 1997; x_wconf 89' lang='lat' dir='ltr'><strong>p.</strong></span> <span class='ocrx_word' id='word_1_230' title='bbox 292 1952 361 1987; x_wconf 86' lang='lat'><strong>293</strong></span> <span class='ocrx_word' id='word_1_231' title='bbox 378 1952 435 1991; x_wconf 66' lang='lat' dir='ltr'><strong>H„</strong></span> <span class='ocrx_word' id='word_1_232' title='bbox 454 1951 566 1986; x_wconf 81' lang='lat' dir='ltr'><strong>Caris.</strong></span> <span class='ocrx_word' id='word_1_233' title='bbox 587 1962 620 1994; x_wconf 88' lang='lat' dir='ltr'><strong>p.</strong></span> <span class='ocrx_word' id='word_1_234' title='bbox 640 1950 684 1984; x_wconf 80' lang='lat'><strong>66</strong></span> <span class='ocrx_word' id='word_1_235' title='bbox 702 1950 746 1983; x_wconf 91' lang='grc' dir='ltr'><strong>Κ.</strong></span> <span class='ocrx_word' id='word_1_236' title='bbox 783 1966 829 1971; x_wconf 92' lang='grc'><strong>--</strong></span> <span class='ocrx_word' id='word_1_237' title='bbox 870 1950 1048 1991; x_wconf 81' lang='lat' dir='ltr'><strong>Cercopia,</strong></span> <span class='ocrx_word' id='word_1_238' title='bbox 1076 1958 1143 1991; x_wconf 87' lang='lat' dir='ltr'><strong>per</strong></span> <span class='ocrx_word' id='word_1_239' title='bbox 1168 1949 1329 1990; x_wconf 78' lang='lat' dir='ltr'><strong>cecropia</strong></span> <span class='ocrx_word' id='word_1_240' title='bbox 1353 1946 1474 1980; x_wconf 80' lang='lat' dir='ltr'><strong>insula</strong></span> <span class='ocrx_word' id='word_1_241' title='bbox 1500 1945 1560 1980; x_wconf 88' lang='lat' dir='ltr'><strong>dei</strong></span> <span class='ocrx_word' id='word_1_242' title='bbox 1586 1945 1717 1989; x_wconf 87' lang='lat' dir='ltr'><strong>codici,</strong></span> 
     </span>
     <span class='ocr_line' id='line_1_30' title="bbox 239 2003 1716 2054; baseline -0.005 -8"><span class='ocrx_word' id='word_1_243' title='bbox 239 2011 297 2046; x_wconf 91' lang='lat' dir='ltr'><strong>col</strong></span> <span class='ocrx_word' id='word_1_244' title='bbox 315 2009 459 2054; x_wconf 77' lang='lat' dir='ltr'><strong>Guyet:</strong></span> <span class='ocrx_word' id='word_1_245' title='bbox 487 2009 613 2048; x_wconf 83' lang='grc' dir='ltr'>κέρκος</span> <span class='ocrx_word' id='word_1_246' title='bbox 638 2009 658 2042; x_wconf 75' lang='lat' dir='ltr'><strong>e</strong></span> <span class='ocrx_word' id='word_1_247' title='bbox 683 2007 711 2041; x_wconf 89' lang='lat' dir='ltr'><strong>il</strong></span> <span class='ocrx_word' id='word_1_248' title='bbox 729 2017 839 2041; x_wconf 84' lang='lat' dir='ltr'><strong>nome</strong></span> <span class='ocrx_word' id='word_1_249' title='bbox 857 2006 894 2040; x_wconf 89' lang='lat' dir='ltr'><strong>di</strong></span> <span class='ocrx_word' id='word_1_250' title='bbox 914 2017 987 2040; x_wconf 86' lang='lat' dir='ltr'><strong>una</strong></span> <span class='ocrx_word' id='word_1_251' title='bbox 1012 2005 1136 2049; x_wconf 87' lang='lat' dir='ltr'><strong>specie</strong></span> <span class='ocrx_word' id='word_1_252' title='bbox 1150 2005 1187 2039; x_wconf 92' lang='lat' dir='ltr'><strong>di</strong></span> <span class='ocrx_word' id='word_1_253' title='bbox 1205 2003 1385 2045; x_wconf 84' lang='lat' dir='ltr'><strong>scimmie‚</strong></span> <span class='ocrx_word' id='word_1_254' title='bbox 1403 2003 1443 2038; x_wconf 91' lang='lat' dir='ltr'><strong>in</strong></span> <span class='ocrx_word' id='word_1_255' title='bbox 1460 2003 1520 2038; x_wconf 89' lang='lat' dir='ltr'><strong>cui</strong></span> <span class='ocrx_word' id='word_1_256' title='bbox 1538 2014 1602 2039; x_wconf 82' lang='lat' dir='ltr'><strong>era</strong></span> <span class='ocrx_word' id='word_1_257' title='bbox 1618 2004 1716 2039; x_wconf 71' lang='lat' dir='ltr'><strong>stato</strong></span> 
     </span>
     <span class='ocr_line' id='line_1_31' title="bbox 239 2061 1718 2112; baseline -0.006 -7"><span class='ocrx_word' id='word_1_258' title='bbox 239 2070 384 2104; x_wconf 82' lang='lat' dir='ltr'><strong>mutato</strong></span> <span class='ocrx_word' id='word_1_259' title='bbox 420 2079 488 2112; x_wconf 89' lang='lat' dir='ltr'><strong>per</strong></span> <span class='ocrx_word' id='word_1_260' title='bbox 523 2079 574 2101; x_wconf 90' lang='lat' dir='ltr'><strong>un</strong></span> <span class='ocrx_word' id='word_1_261' title='bbox 610 2066 775 2109; x_wconf 84' lang='lat' dir='ltr'><strong>inganno</strong></span> <span class='ocrx_word' id='word_1_262' title='bbox 801 2067 881 2100; x_wconf 79' lang='lat' dir='ltr'><strong>teso</strong></span> <span class='ocrx_word' id='word_1_263' title='bbox 908 2075 930 2098; x_wconf 86' lang='lat' dir='ltr'><strong>a</strong></span> <span class='ocrx_word' id='word_1_264' title='bbox 956 2063 1071 2099; x_wconf 85' lang='lat' dir='ltr'><strong>Giove</strong></span> <span class='ocrx_word' id='word_1_265' title='bbox 1109 2063 1136 2097; x_wconf 83' lang='lat' dir='ltr'><strong>il</strong></span> <span class='ocrx_word' id='word_1_266' title='bbox 1173 2063 1311 2107; x_wconf 85' lang='lat' dir='ltr'>popolo</span> <span class='ocrx_word' id='word_1_267' title='bbox 1338 2062 1399 2097; x_wconf 83' lang='lat' dir='ltr'><strong>dei</strong></span> <span class='ocrx_word' id='word_1_268' title='bbox 1427 2064 1619 2107; x_wconf 72' lang='lat' dir='ltr'><strong>Cere-opes:</strong></span> <span class='ocrx_word' id='word_1_269' title='bbox 1645 2061 1718 2097; x_wconf 79' lang='lat' dir='ltr'><strong>essi</strong></span> 
     </span>
     <span class='ocr_line' id='line_1_32' title="bbox 239 2118 1719 2168; baseline -0.005 -5"><span class='ocrx_word' id='word_1_270' title='bbox 239 2138 352 2163; x_wconf 81' lang='lat' dir='ltr'><strong>erano</strong></span> <span class='ocrx_word' id='word_1_271' title='bbox 378 2126 469 2161; x_wconf 77' lang='lat' dir='ltr'><strong>stati</strong></span> <span class='ocrx_word' id='word_1_272' title='bbox 494 2124 677 2160; x_wconf 74' lang='lat' dir='ltr'><strong>trasferiti</strong></span> <span class='ocrx_word' id='word_1_273' title='bbox 695 2134 762 2168; x_wconf 85' lang='lat' dir='ltr'><strong>per</strong></span> <span class='ocrx_word' id='word_1_274' title='bbox 778 2122 975 2167; x_wconf 86' lang='lat' dir='ltr'><strong>punizione</strong></span> <span class='ocrx_word' id='word_1_275' title='bbox 994 2121 1181 2156; x_wconf 82' lang='lat' dir='ltr'><strong>nell&#39;isola</strong></span> <span class='ocrx_word' id='word_1_276' title='bbox 1198 2121 1398 2155; x_wconf 83' lang='lat' dir='ltr'><strong>Pithecusa</strong></span> <span class='ocrx_word' id='word_1_277' title='bbox 1415 2118 1613 2162; x_wconf 82' lang='lat' dir='ltr'><strong>(Aenaria),</strong></span> <span class='ocrx_word' id='word_1_278' title='bbox 1630 2119 1719 2164; x_wconf 87' lang='lat' dir='ltr'><em>oggi</em></span> 
     </span>
     <span class='ocr_line' id='line_1_33' title="bbox 239 2177 1718 2226; baseline -0.005 -6"><span class='ocrx_word' id='word_1_279' title='bbox 239 2186 370 2222; x_wconf 82' lang='lat' dir='ltr'><strong>Ischia.</strong></span> <span class='ocrx_word' id='word_1_280' title='bbox 397 2202 441 2208; x_wconf 92' lang='lat'>—</span> <span class='ocrx_word' id='word_1_281' title='bbox 479 2183 576 2217; x_wconf 88' lang='grc'>929.</span> <span class='ocrx_word' id='word_1_282' title='bbox 602 2185 691 2226; x_wconf 73' lang='lat' dir='ltr'><em>quis,</em></span> <span class='ocrx_word' id='word_1_283' title='bbox 709 2182 765 2217; x_wconf 91' lang='lat' dir='ltr'><strong>col</strong></span> <span class='ocrx_word' id='word_1_284' title='bbox 793 2180 925 2225; x_wconf 76' lang='lat' dir='ltr'><strong>Guyet,</strong></span> <span class='ocrx_word' id='word_1_285' title='bbox 944 2191 1011 2224; x_wconf 87' lang='lat' dir='ltr'><strong>per</strong></span> <span class='ocrx_word' id='word_1_286' title='bbox 1035 2186 1096 2223; x_wconf 73' lang='lat' dir='ltr'><strong>qui</strong></span> <span class='ocrx_word' id='word_1_287' title='bbox 1113 2179 1174 2214; x_wconf 89' lang='lat' dir='ltr'><strong>dei</strong></span> <span class='ocrx_word' id='word_1_288' title='bbox 1192 2179 1321 2214; x_wconf 83' lang='lat' dir='ltr'><strong>codici.</strong></span> <span class='ocrx_word' id='word_1_289' title='bbox 1340 2196 1385 2202; x_wconf 83' lang='lat'>-</span> <span class='ocrx_word' id='word_1_290' title='bbox 1434 2177 1531 2213; x_wconf 88' lang='grc'><strong>930.</strong></span> <span class='ocrx_word' id='word_1_291' title='bbox 1549 2180 1635 2223; x_wconf 82' lang='lat' dir='ltr'><em>quid</em></span> <span class='ocrx_word' id='word_1_292' title='bbox 1651 2180 1718 2220; x_wconf 85' lang='lat' dir='ltr'><strong>ais,</strong></span> 
     </span>
     <span class='ocr_line' id='line_1_34' title="bbox 240 2237 1720 2282; baseline -0.005 -3"><span class='ocrx_word' id='word_1_293' title='bbox 240 2244 303 2280; x_wconf 87' lang='lat' dir='ltr'>cfr.</span> <span class='ocrx_word' id='word_1_294' title='bbox 321 2256 356 2278; x_wconf 89' lang='lat' dir='ltr'><strong>n.</strong></span> <span class='ocrx_word' id='word_1_295' title='bbox 377 2243 455 2277; x_wconf 89' lang='lat'>193.</span> <span class='ocrx_word' id='word_1_296' title='bbox 481 2261 526 2266; x_wconf 92' lang='lat'>—</span> <span class='ocrx_word' id='word_1_297' title='bbox 568 2240 654 2275; x_wconf 88' lang='lat'>931.</span> <span class='ocrx_word' id='word_1_298' title='bbox 681 2242 772 2275; x_wconf 84' lang='lat' dir='ltr'><em>locos</em></span> <span class='ocrx_word' id='word_1_299' title='bbox 797 2241 816 2274; x_wconf 76' lang='lat' dir='ltr'><strong>e</strong></span> <span class='ocrx_word' id='word_1_300' title='bbox 843 2239 1110 2273; x_wconf 79' lang='lat' dir='ltr'><strong>direttamente</strong></span> <span class='ocrx_word' id='word_1_301' title='bbox 1137 2237 1164 2272; x_wconf 90' lang='lat' dir='ltr'><strong>il</strong></span> <span class='ocrx_word' id='word_1_302' title='bbox 1189 2238 1240 2282; x_wconf 89' lang='lat' dir='ltr'><strong>pl.</strong></span> <span class='ocrx_word' id='word_1_303' title='bbox 1268 2237 1306 2272; x_wconf 86' lang='lat' dir='ltr'><strong>di</strong></span> <span class='ocrx_word' id='word_1_304' title='bbox 1330 2238 1436 2271; x_wconf 84' lang='lat' dir='ltr'><em>locus.</em></span> <span class='ocrx_word' id='word_1_305' title='bbox 1455 2254 1498 2260; x_wconf 98' lang='lat'>—</span> <span class='ocrx_word' id='word_1_306' title='bbox 1517 2237 1720 2271; x_wconf 65' lang='lat' dir='ltr'><em>mirimodis</em></span> 
     </span>
     <span class='ocr_line' id='line_1_35' title="bbox 239 2294 1720 2340; baseline -0.004 -4"><span class='ocrx_word' id='word_1_307' title='bbox 239 2304 404 2335; x_wconf 83' lang='lat' dir='ltr'><em>=miris</em></span> <span class='ocrx_word' id='word_1_308' title='bbox 430 2302 561 2340; x_wconf 77' lang='lat' dir='ltr'><em>modis;</em></span> <span class='ocrx_word' id='word_1_309' title='bbox 588 2299 651 2333; x_wconf 84' lang='lat' dir='ltr'>cfr.</span> <span class='ocrx_word' id='word_1_310' title='bbox 679 2299 908 2339; x_wconf 75' lang='lat' dir='ltr'><strong>multimodis,</strong></span> <span class='ocrx_word' id='word_1_311' title='bbox 927 2298 1150 2331; x_wconf 82' lang='lat' dir='ltr'><strong>omnimodis.</strong></span> <span class='ocrx_word' id='word_1_312' title='bbox 1187 2313 1232 2318; x_wconf 96' lang='lat'><strong>—</strong></span> <span class='ocrx_word' id='word_1_313' title='bbox 1268 2296 1448 2329; x_wconf 82' lang='lat' dir='ltr'><em>mirabilis</em></span> <span class='ocrx_word' id='word_1_314' title='bbox 1472 2295 1492 2329; x_wconf 70' lang='lat' dir='ltr'><strong>e</strong></span> <span class='ocrx_word' id='word_1_315' title='bbox 1518 2305 1593 2329; x_wconf 84' lang='lat' dir='ltr'>acc.</span> <span class='ocrx_word' id='word_1_316' title='bbox 1623 2294 1720 2339; x_wconf 90' lang='lat' dir='ltr'>plur.</span> 
     </span>
     <span class='ocr_line' id='line_1_36' title="bbox 240 2351 1722 2398; baseline -0.005 -3"><span class='ocrx_word' id='word_1_317' title='bbox 240 2360 307 2396; x_wconf 90' lang='lat' dir='ltr'><strong>che</strong></span> <span class='ocrx_word' id='word_1_318' title='bbox 334 2358 516 2395; x_wconf 71' lang='lat' dir='ltr'><strong>concorda²</strong></span> <span class='ocrx_word' id='word_1_319' title='bbox 542 2369 610 2393; x_wconf 85' lang='lat' dir='ltr'><strong>eon</strong></span> <span class='ocrx_word' id='word_1_320' title='bbox 636 2358 738 2391; x_wconf 84' lang='lat' dir='ltr'><em>locos.</em></span> <span class='ocrx_word' id='word_1_321' title='bbox 776 2373 821 2379; x_wconf 88' lang='lat'><em>-</em></span> <span class='ocrx_word' id='word_1_322' title='bbox 917 2353 1014 2389; x_wconf 87' lang='lat'><strong>932.</strong></span> <span class='ocrx_word' id='word_1_323' title='bbox 1041 2355 1202 2398; x_wconf 81' lang='lat' dir='ltr'><strong>discupio</strong></span> <span class='ocrx_word' id='word_1_324' title='bbox 1232 2351 1245 2366; x_wconf 78' lang='lat'><strong>‘¹</strong></span> <span class='ocrx_word' id='word_1_325' title='bbox 1267 2353 1320 2388; x_wconf 91' lang='lat' dir='ltr'><strong>mi</strong></span> <span class='ocrx_word' id='word_1_326' title='bbox 1345 2355 1496 2397; x_wconf 81' lang='lat' dir='ltr'><strong>struggo</strong></span> <span class='ocrx_word' id='word_1_327' title='bbox 1530 2353 1593 2388; x_wconf 83' lang='lat' dir='ltr'><strong>dal</strong></span> <span class='ocrx_word' id='word_1_328' title='bbox 1625 2351 1722 2389; x_wconf 85' lang='lat' dir='ltr'><strong>desi-</strong></span> 
     </span>
     <span class='ocr_line' id='line_1_37' title="bbox 240 2410 1719 2460; baseline -0.005 -7"><span class='ocrx_word' id='word_1_329' title='bbox 240 2418 344 2453; x_wconf 86' lang='lat' dir='ltr'>derio</span> <span class='ocrx_word' id='word_1_330' title='bbox 367 2446 379 2460; x_wconf 82' lang='grc'><strong>,,</strong></span> <span class='ocrx_word' id='word_1_331' title='bbox 410 2419 429 2452; x_wconf 75' lang='lat' dir='ltr'><strong>e</strong></span> <span class='ocrx_word' id='word_1_332' title='bbox 456 2429 505 2451; x_wconf 89' lang='lat' dir='ltr'><strong>un</strong></span> <span class='ocrx_word' id='word_1_333' title='bbox 531 2417 724 2459; x_wconf 82' lang='lat' dir='ltr'><strong>composto</strong></span> <span class='ocrx_word' id='word_1_334' title='bbox 751 2413 932 2458; x_wconf 60' lang='lat' dir='ltr'><strong>plautium</strong></span> <span class='ocrx_word' id='word_1_335' title='bbox 968 2413 1035 2447; x_wconf 90' lang='lat' dir='ltr'><strong>che</strong></span> <span class='ocrx_word' id='word_1_336' title='bbox 1069 2412 1203 2447; x_wconf 84' lang='lat' dir='ltr'><strong>Plauto</strong></span> <span class='ocrx_word' id='word_1_337' title='bbox 1230 2413 1347 2447; x_wconf 71' lang='lat' dir='ltr'><strong>stesso</strong></span> <span class='ocrx_word' id='word_1_338' title='bbox 1372 2423 1448 2446; x_wconf 87' lang='lat' dir='ltr'><strong>non</strong></span> <span class='ocrx_word' id='word_1_339' title='bbox 1473 2411 1637 2456; x_wconf 84' lang='lat' dir='ltr'><strong>adopera</strong></span> <span class='ocrx_word' id='word_1_340' title='bbox 1669 2410 1719 2446; x_wconf 83' lang='lat' dir='ltr'><strong>al-</strong></span> 
     </span>
     <span class='ocr_line' id='line_1_38' title="bbox 241 2469 1722 2514; baseline -0.005 -4"><span class='ocrx_word' id='word_1_341' title='bbox 241 2478 356 2510; x_wconf 79' lang='lat' dir='ltr'><strong>trove.</strong></span> <span class='ocrx_word' id='word_1_342' title='bbox 392 2493 423 2497; x_wconf 81' lang='lat'>-</span> <span class='ocrx_word' id='word_1_343' title='bbox 492 2473 588 2507; x_wconf 88' lang='lat'><strong>933.</strong></span> <span class='ocrx_word' id='word_1_344' title='bbox 614 2476 653 2506; x_wconf 80' lang='lat' dir='ltr'><strong>in</strong></span> <span class='ocrx_word' id='word_1_345' title='bbox 679 2474 830 2507; x_wconf 80' lang='lat' dir='ltr'><strong>Pontum</strong></span> <span class='ocrx_word' id='word_1_346' title='bbox 859 2470 872 2484; x_wconf 75' lang='lat'>⁸</span> <span class='ocrx_word' id='word_1_347' title='bbox 894 2470 1106 2514; x_wconf 84' lang='lat' dir='ltr'><strong>navigando</strong></span> <span class='ocrx_word' id='word_1_348' title='bbox 1135 2481 1238 2505; x_wconf 83' lang='lat' dir='ltr'><strong>verso</strong></span> <span class='ocrx_word' id='word_1_349' title='bbox 1264 2469 1292 2503; x_wconf 92' lang='lat' dir='ltr'><strong>il</strong></span> <span class='ocrx_word' id='word_1_350' title='bbox 1317 2470 1436 2505; x_wconf 80' lang='lat' dir='ltr'><strong>Ponto</strong></span> <span class='ocrx_word' id='word_1_351' title='bbox 1458 2495 1487 2512; x_wconf 73' lang='lat'><strong>„.</strong></span> <span class='ocrx_word' id='word_1_352' title='bbox 1513 2487 1556 2492; x_wconf 93' lang='lat'>—</span> <span class='ocrx_word' id='word_1_353' title='bbox 1586 2470 1722 2504; x_wconf 78' lang='lat' dir='ltr'><strong>advecti</strong></span> 
     </span>
     <span class='ocr_line' id='line_1_39' title="bbox 239 2526 1721 2574; baseline -0.005 -6"><span class='ocrx_word' id='word_1_354' title='bbox 239 2546 363 2569; x_wconf 81' lang='lat' dir='ltr'><em>sumus</em></span> <span class='ocrx_word' id='word_1_355' title='bbox 391 2534 403 2545; x_wconf 82' lang='grc'><em>“</em></span> <span class='ocrx_word' id='word_1_356' title='bbox 426 2532 651 2567; x_wconf 73' lang='lat' dir='ltr'>arrivammo</span> <span class='ocrx_word' id='word_1_357' title='bbox 674 2558 703 2574; x_wconf 80' lang='lat'><strong>„.</strong></span> <span class='ocrx_word' id='word_1_358' title='bbox 748 2548 784 2553; x_wconf 95' lang='lat'><strong>—</strong></span> <span class='ocrx_word' id='word_1_359' title='bbox 830 2531 878 2564; x_wconf 81' lang='lat' dir='ltr'><strong>ad</strong></span> <span class='ocrx_word' id='word_1_360' title='bbox 916 2528 973 2565; x_wconf 89' lang='lat' dir='ltr'><strong>col</strong></span> <span class='ocrx_word' id='word_1_361' title='bbox 1011 2528 1236 2572; x_wconf 79' lang='lat' dir='ltr'><strong>Camerario,</strong></span> <span class='ocrx_word' id='word_1_362' title='bbox 1262 2538 1328 2573; x_wconf 84' lang='lat' dir='ltr'><strong>per</strong></span> <span class='ocrx_word' id='word_1_363' title='bbox 1362 2540 1384 2562; x_wconf 87' lang='grc' dir='ltr'><em>α</em></span> <span class='ocrx_word' id='word_1_364' title='bbox 1418 2527 1480 2563; x_wconf 90' lang='lat' dir='ltr'><strong>dei</strong></span> <span class='ocrx_word' id='word_1_365' title='bbox 1505 2526 1635 2563; x_wconf 75' lang='lat' dir='ltr'><strong>codici.</strong></span> <span class='ocrx_word' id='word_1_366' title='bbox 1674 2543 1721 2550; x_wconf 95' lang='lat'>—</span> 
     </span>
     <span class='ocr_line' id='line_1_40' title="bbox 240 2584 1722 2633; baseline -0.004 -6"><span class='ocrx_word' id='word_1_367' title='bbox 240 2591 336 2628; x_wconf 82' lang='lat'>934.</span> <span class='ocrx_word' id='word_1_368' title='bbox 362 2593 423 2627; x_wconf 84' lang='lat' dir='ltr'><strong>eho</strong></span> <span class='ocrx_word' id='word_1_369' title='bbox 448 2593 468 2626; x_wconf 75' lang='lat' dir='ltr'><strong>e</strong></span> <span class='ocrx_word' id='word_1_370' title='bbox 496 2592 593 2625; x_wconf 76' lang='lat' dir='ltr'><strong>stato</strong></span> <span class='ocrx_word' id='word_1_371' title='bbox 627 2589 837 2625; x_wconf 79' lang='lat' dir='ltr'><strong>introdotto</strong></span> <span class='ocrx_word' id='word_1_372' title='bbox 863 2599 886 2624; x_wconf 86' lang='lat' dir='ltr'>a</span> <span class='ocrx_word' id='word_1_373' title='bbox 911 2588 969 2623; x_wconf 79' lang='lat' dir='ltr'><strong>far</strong></span> <span class='ocrx_word' id='word_1_374' title='bbox 995 2589 1103 2633; x_wconf 83' lang='lat' dir='ltr'><strong>parte</strong></span> <span class='ocrx_word' id='word_1_375' title='bbox 1129 2587 1190 2622; x_wconf 89' lang='lat' dir='ltr'><strong>del</strong></span> <span class='ocrx_word' id='word_1_376' title='bbox 1216 2597 1322 2622; x_wconf 85' lang='lat' dir='ltr'><strong>verso</strong></span> <span class='ocrx_word' id='word_1_377' title='bbox 1349 2586 1411 2621; x_wconf 84' lang='lat' dir='ltr'><strong>dal</strong></span> <span class='ocrx_word' id='word_1_378' title='bbox 1436 2586 1656 2630; x_wconf 76' lang='lat' dir='ltr'><strong>Brix,tanto</strong></span> <span class='ocrx_word' id='word_1_379' title='bbox 1681 2584 1722 2621; x_wconf 89' lang='lat' dir='ltr'><strong>in</strong></span> 
     </span>
    </p>
   </div>
   <div class='ocr_carea' id='block_1_9' title="bbox 1308 2668 1616 2693">
    <p class='ocr_par' dir='ltr' id='par_1_10' title="bbox 1308 2668 1616 2693">
     <span class='ocr_line' id='line_1_41' title="bbox 1308 2668 1616 2693; baseline -0.006 -9"><span class='ocrx_word' id='word_1_380' title='bbox 1308 2672 1348 2684; x_wconf 50' lang='grc' dir='ltr'><strong>«ν</strong></span> <span class='ocrx_word' id='word_1_381' title='bbox 1365 2669 1395 2682; x_wconf 65' lang='lat'><strong>0.-</strong></span> <span class='ocrx_word' id='word_1_382' title='bbox 1408 2680 1413 2682; x_wconf 89' lang='lat'><em>.</em></span> <span class='ocrx_word' id='word_1_383' title='bbox 1424 2668 1517 2687; x_wconf 51' lang='lat' dir='ltr'><strong>rra</strong></span> <span class='ocrx_word' id='word_1_384' title='bbox 1532 2668 1616 2693; x_wconf 52' lang='lat' dir='ltr'><strong>„sqq</strong></span> 
     </span>
    </p>
   </div>
  </div>
 </body>
</html>
