1818 2973
1511 9 1517 48 1

547 113 765 138 'rumvmavs
788 113 838 143 111,
861 102 894 144 2,
916 101 1048 136 42-61
1489 100 1534 135 89

169 193 232 235 Ne
244 193 469 235 scintillam
487 187 653 243 quidem
673 192 898 242 relinques,
917 188 1050 242 genus
1069 191 1138 240 qui
1158 187 1386 240 congliscet
1405 191 1532 229 tuom.

66 272 138 310 LE.
168 268 346 310 Fecilest
373 263 569 308 inuenta:
599 268 723 306 datur
752 266 868 317 igniS,
898 268 984 305 tam
1013 263 1091 305 etsi
1119 265 1171 304 ab
1201 262 1366 304 inimico
1404 267 1532 314 potas.

170 342 249 384 Sed
278 345 324 383 tu
351 344 578 394 obiurgans
605 353 671 381 me
690 340 715 382 3
735 341 916 392 peccatis
935 339 1048 390 repis
1073 340 1324 380 deteriorem
1343 333 1386 378 in
1406 339 1532 377 uiam.

1454 412 1532 450 680

171 489 308 532 Meem
336 492 384 531 ut
410 501 597 530 sororem
624 484 695 528 tibi
725 489 819 528 dem
847 487 998 526 suades
1026 482 1114 527 sine
1143 487 1251 527 dote.
1321 485 1417 533 aha,
1451 496 1531 525 11011

1222 556 1441 599 conuenit·
1474 589 1506 611 55

175 639 251 687 Me,
281 640 351 690 qui
382 640 535 678 abusus
561 634 652 677 sfim
683 639 842 676 tantam
871 647 962 676 rem
991 634 1183 685 petriam,
1215 646 1340 685 porro
1362 635 1401 673 in
1421 631 1534 673 ditiis

171 709 271 754 Esse
297 724 530 764 agrumque
559 709 726 758 habere,
758 715 882 762 egere
902 711 1016 750 illam
1037 706 1190 757 alitem,
1225 712 1270 749 ut
1300 721 1365 750 me
1385 709 1534 749 merito

1385 783 1533 824 oderit.

169 858 406 913 Nfimquam
434 863 516 902 erit
543 859 690 902 alienis
717 862 861 912 grauis
881 860 950 911 qui
971 856 1055 899 suis
1073 871 1118 900 se
1138 858 1361 900 concinnet
1383 861 1533 899 leuem.

171 933 287 978 Sicut
315 938 401 977 dixi
430 936 598 976 seciam:
627 937 721 976 nolo
751 934 791 976 te
821 936 970 975 iactari
999 931 1167 974 diutius.
1457 935 1535 973 685

65 1015 142 1054 LV.
170 1011 303 1053 Tento
330 1013 497 1053 meliust
525 1012 566 1052 te
593 1012 747 1052 sororis
774 1007 901 1051 331153
930 1013 1159 1062 egestatem
1188 1007 1362 1060 exsequi
1477 1039 1509 1062 so

168 1072 306 1138 Atque
333 1098 430 1128 eum
459 1098 608 1138 agrum
652 1098 717 1127 me
759 1083 916 1126 habere
945 1097 1069 1136 quam
1100 1089 1152 1132 te,
1183 1081 1253 1125 tfia
1284 1085 1353 1135 qui
1384 1085 1537 1124 toleres

1337 1157 1499 1199 moenia
1515 1161 1530 1198 2

63 1307 125 1343 dei
149 1307 252 1343 codd.
279 1327 323 1332 -
348 1312 510 1348 nanctus,
535 1308 621 1342 sott.
647 1308 856 1349 cupidinem.
883 1325 927 1330 —
945 1307 1016 1339 cati
1033 1306 1051 1340 e
1070 1305 1134 1349 qui
1152 1305 1354 1348 adoperato
1372 1305 1411 1339 in
1430 1316 1535 1340 senso

62 1366 227 1400 ironico:
257 1363 270 1378 '⁴
293 1365 453 1406 stol-diti,
480 1376 588 1400 senza
613 1364 772 1399 cervello
796 1391 824 1406 „.
853 1381 894 1385 ——
945 1363 1040 1396 678.
1066 1365 1270 1398 scintillam.
1301 1363 1437 1398 Senso:
1464 1364 1535 1397 l'a-

65 1434 178 1465 more,
205 1423 359 1459 essendo
384 1423 541 1458 rimedio
568 1423 744 1466 peggiore
771 1422 831 1456 del
857 1422 966 1462 male,
1004 1422 1084 1455 fara
1121 1421 1337 1465 divampare
1364 1421 1391 1455 11
1416 1421 1534 1463 fuoco,

66 1492 88 1516 a
113 1481 171 1516 cui
197 1483 216 1516 3
241 1480 279 1515 in
305 1482 421 1525 preda
459 1481 496 1515 la
524 1483 590 1515 tua
626 1480 807 1523 famigha,
835 1491 903 1514 eon
929 1479 1026 1514 assai
1052 1480 1222 1523 maggior
1247 1479 1425 1519 violenza,
1453 1490 1472 1513 e
1498 1478 1535 1513 la

64 1538 209 1574 ridurre.
232 1541 334 1573 tutta
358 1539 398 1573 in
423 1550 566 1579 eenere,
592 1538 630 1572 in
657 1539 764 1573 modo
792 1538 857 1572 che
885 1537 922 1571 di
949 1549 1030 1572 essa
1056 1549 1128 1572 non
1158 1538 1300 1571 restem
1337 1548 1533 1572 nemmeno

64 1608 138 1632 una
173 1596 348 1639 scintilla,
374 1598 421 1631 da
447 1597 504 1632 cui
530 1608 640 1640 possa
676 1596 848 1641 ripigliar
882 1596 959 1630 vita
984 1593 1200 1639 (conyliscat)
1225 1606 1243 1629 e
1269 1595 1463 1638 risorgere.
1489 1612 1534 1617 —

65 1653 161 1689 679.
185 1655 387 1691 Lesbonico
413 1655 532 1698 piglia
556 1657 693 1699 troppo
721 1654 796 1689 alla
821 1654 959 1689 lettera
984 1654 1018 1688 13
1045 1653 1171 1696 parole
1198 1653 1236 1687 di
1263 1653 1414 1688 Lisitele
1443 1655 1534 1687 scin-

65 1713 179 1746 tillam
202 1724 246 1746 ne
270 1715 447 1756 relinques
472 1715 621 1756 quidem,
640 1724 658 1747 e
678 1713 786 1747 crede
813 1712 878 1746 che
899 1712 954 1746 cio
972 1723 1046 1745 non
1066 1711 1119 1745 sia
1138 1722 1212 1746 una
1229 1722 1321 1754 gran
1340 1710 1534 1754 disgrazia,

65 1769 196 1812 poiche
220 1769 273 1814 gli
298 1770 524 1805 riuscirebbe
551 1771 647 1805 assai
673 1770 783 1804 facile
809 1770 1019 1814 procurarsi
1050 1769 1077 1803 11
1106 1769 1224 1810 fuoeo,
1250 1769 1297 1802 da,
1322 1769 1381 1803 cui
1405 1768 1444 1802 la
1468 1780 1534 1803 sua.

64 1826 236 1871 famiglia.
260 1839 370 1871 possa
394 1828 566 1872 ripigliar
592 1829 680 1862 vita.
708 1828 778 1862 Cfr.
806 1828 878 1862 Cic.
898 1827 955 1862 off.
985 1828 1014 1868 1,
1044 1827 1119 1867 152,
1142 1829 1224 1869 pati
1249 1828 1291 1860 ab
1317 1829 1396 1869 iyne
1418 1829 1534 1870 iynem

64 1896 189 1928 capere
221 1887 255 1919 si
289 1888 352 1929 qui
384 1888 476 1920 velit.
503 1906 548 1910 —
574 1888 704 1919 datur:
744 1885 775 1919 si
802 1887 820 1920 e
848 1885 1050 1928 adoperato
1077 1884 1104 1918 il
1130 1886 1314 1928 presente,
1340 1884 1476 1929 perche
1502 1883 1533 1918 si

62 1943 182 1977 tratta
207 1942 293 1977 d'un
319 1945 437 1978 motto
464 1943 719 1983 senssenziosoe
747 1943 810 1977 cfr.
841 1944 933 1977 Rud.
960 1944 992 1984 2,
1017 1943 1050 1984 4,
1077 1943 1118 1976 21
1147 1954 1212 1976 cur
1237 1947 1274 1976 tu
1299 1954 1428 1985 aquam
1450 1954 1534 1984 yra-

63 2011 158 2042 vare‚
171 2002 305 2041 amabo,
323 2013 427 2044 quam
443 2002 553 2035 hostis
572 2002 665 2035 hosti
682 1990 873 2035 conunodat
890 2004 907 2034 ἓ
922 2018 962 2023 —-
1004 1999 1099 2034 680.
1126 2012 1147 2034 a
1160 2002 1315 2044 peccatis
1336 1998 1348 2012 “
1372 2011 1394 2034 a
1411 2011 1533 2040 causa,

63 2056 102 2092 in
119 2057 291 2102 riguardo
311 2059 370 2093 dei
388 2058 476 2093 miei
497 2059 612 2094 errori
637 2086 664 2100 „.
697 2077 730 2081 —
762 2058 848 2092 681.
868 2064 914 2101 ut,
930 2058 1134 2103 eoll'Opitz‚
1161 2069 1226 2101 per
1252 2060 1309 2092 uis
1327 2058 1386 2093 dei
1405 2057 1532 2099 codici,

63 2116 131 2150 ohe
149 2118 168 2151 'e
186 2116 353 2151 derivato
373 2117 676 2152 evidentemente
695 2129 761 2161 per
778 2117 815 2151 13
832 2117 955 2152 trafila
974 2117 1011 2151 di
1039 2117 1097 2151 κί’.
1113 2137 1155 2140 -
1184 2116 1279 2150 682.
1298 2118 1428 2150 abusus
1445 2128 1533 2156 sum,

63 2174 127 2209 cfr.
152 2186 187 2208 n.
217 2175 246 2208 1.
283 2191 329 2196 —
351 2186 468 2218 porro
506 2187 578 2209 esse
619 2173 631 2187 ‘⁴
654 2175 872 2210 continuare
898 2175 943 2209 ad
972 2186 1092 2210 essere
1115 2202 1143 2217 „,
1170 2175 1233 2210 cfr.
1261 2187 1293 2208 v.
1323 2175 1400 2208 162.
1427 2191 1469 2196 —-
1495 2176 1534 2207 in

63 2233 182 2267 ditiis:
209 2233 228 2266 e
253 2232 548 2276 un'espressione
573 2235 778 2276 esagemta,
804 2233 840 2267 al
867 2233 947 2276 pari
985 2233 1171 2275 dell'eyere
1196 2233 1262 2267 che
1289 2234 1307 2267 3
1333 2232 1395 2267 1131
1421 2243 1453 2265 ν.
1480 2242 1535 2266 se-

63 2291 212 2334 guento.
240 2308 283 2312 —
333 2290 428 2324 684.
452 2293 598 2334 yravis:
624 2291 781 2334 bisogna
806 2291 927 2334 prima
952 2302 1060 2335 saper
1076 2290 1132 2325 far
1150 2291 1243 2325 bene
1263 2302 1284 2324 a
1301 2289 1416 2334 quelli
1435 2289 1535 2324 della.

63 2348 214 2392 propria
238 2348 418 2392 famiglia,
446 2360 512 2392 per
536 2349 680 2393 poterlo
699 2349 776 2383 fare
795 2348 856 2393 poi
875 2349 991 2382 anche
1010 2348 1085 2391 agli
1104 2348 1202 2382 altri.
1221 2349 1262 2381 111
1280 2350 1410 2391 questo
1429 2358 1534 2382 verso

63 2405 95 2440 si
121 2406 246 2441 allude
284 2409 541 2450 apertamen‘ce
568 2407 603 2441 al
629 2407 808 2450 consiglio
835 2407 920 2441 dato
947 2407 994 2440 da
1019 2406 1171 2441 Lisitele
1198 2418 1220 2440 a
1244 2405 1447 2441 Lesbonico
1472 2405 1535 2440 nel

64 2475 96 2498 v.
122 2464 202 2499 651.
228 2480 272 2486 -
297 2476 334 2498 se
357 2467 544 2499 concinnat
574 2463 586 2477 “
605 2465 636 2499 si
662 2467 802 2500 mostra
823 2492 851 2506 „,
878 2465 942 2499 cfr.
961 2464 1063 2508 Caph.
1084 2466 1148 2499 601
1170 2476 1222 2498 me
1239 2466 1406 2498 insanum
1422 2465 1536 2498 verbis

63 2524 251 2556 concinnat
276 2524 362 2556 suis.
377 2540 423 2544 —
472 2522 568 2557 685.
585 2525 719 2557 iactari
740 2521 752 2534 ‘
772 2523 838 2557 che
858 2525 897 2556 tu
916 2522 946 2556 ti
965 2522 1129 2556 aflatiehi
1148 2550 1161 2564 ,‚
1184 2533 1249 2566 per
1267 2522 1534 2566 persuadermi.

63 2598 109 2604 —
158 2579 253 2615 686.
279 2582 421 2627 exsequi
437 2583 586 2629 :pam
612 2581 676 2618 cfr.
702 2593 737 2616 n.
765 2582 843 2618 282.
872 2601 914 2605 —
966 2579 1060 2614 687.
1086 2582 1222 2622 toleres,
1248 2581 1311 2615 cfr.
1337 2593 1372 2615 n.
1392 2580 1470 2616 338.
1489 2600 1535 2606 -—
