1818 2973
979 36 1106 43 ——-—--—-r
1194 39 1240 44 ,ῳ
1282 37 1379 42 Δ--ω,

597 115 817 142 rumvmsvs
839 116 876 148 11,
899 105 932 147 3,
949 104 1084 140 57-78
1533 105 1580 142 67

212 200 350 249 Atque
377 192 432 238 ibi
460 197 684 248 opulentus
711 192 783 237 tibi
813 207 891 247 par
917 195 1026 236 forte
1053 193 1286 243 obuenerit,

212 272 408 324 Adposita
438 283 544 312 cena
570 267 634 319 sit,
664 272 910 322 popularem
938 268 1063 321 quam
1091 272 1259 318 uocant,
1499 272 1578 310 470

213 348 255 388 Si
283 343 344 388 illi
371 350 594 399 congestae
613 342 697 387 sint
715 346 866 396 epulae
893 356 918 385 a
947 343 1196 393 cluentihus,
1518 375 1551 397 70

213 418 355 474 Siquid
384 423 457 462 tibi
486 423 648 473 placeat
675 419 782 472 quod
810 419 871 460 ini
900 418 1142 472 congestum
1171 420 1262 468 siet,

213 493 361 537 Edisne
388 509 444 537 an
471 495 691 537 incenatus
717 507 814 536 cum
841 496 1039 546 opulento
1067 492 1277 536 110οἴ111832

110 575 183 613 LE.
212 568 338 619 enim,
368 571 446 611 nisi
474 571 508 610 si
536 571 606 611 ille
634 569 762 611 notet.
843 571 911 610 ST.
941 572 994 609 At
1023 570 1088 620 pol
1118 581 1206 621 ego,
1236 565 1314 610 etsi
1344 572 1471 618 notet,

215 649 331 687 Edim
359 645 485 697 atque
513 646 713 686 ambabus
741 643 859 685 malis
887 639 1066 695 expletis
1096 656 1255 692 uorem,
1501 646 1580 685 475

214 725 263 762 Et
292 720 398 772 quod
427 721 488 759 illi
517 721 682 771 placeat
710 717 965 771 praeripiam
995 715 1288 770 potissumum:
1520 750 1554 772 75

212 798 358 846 Neque
387 790 446 835 illi
475 796 700 836 concedam
729 790 952 845 quicquam
981 795 1033 835 de
1062 792 1148 834 uitii
1179 805 1284 834 mea.

212 869 504 911 verecundari
531 867 741 910 neminem
770 870 881 920 apud
910 868 1095 910 mensam
1125 869 1263 909 decet:

213 948 320 987 Nam
349 947 404 986 ibi
433 943 484 986 de
513 946 666 985 diuinis
693 944 819 996 atque
848 945 1045 986 humanis
1072 945 1277 987 cernitur.

108 1076 207 1120 (cena
232 1079 428 1122 popularis
460 1089 481 1113 0
511 1079 655 1122 publica
672 1091 718 1105 =
735 1076 904 1118 ἑστίασις,
930 1076 1152 1119 δημοθοινία,
1177 1078 1324 1111 δεῖπνον
1359 1077 1580 1121 δῆμοτελές),

109 1146 213 1170 come
237 1146 302 1170 era.
326 1135 366 1169 in
390 1146 468 1176 us0‚
493 1147 560 1180 per
584 1136 619 1171 1ο
645 1136 721 1180 piu,
747 1136 864 1170 anche
890 1147 956 1180 per
971 1137 1070 1170 tutte
1088 1136 1123 1170 le
1137 1135 1233 1170 altre
1260 1135 1389 1170 offerte
1407 1136 1474 1171 che
1492 1147 1580 1171 eran

107 1193 200 1227 fatte
226 1203 249 1227 a
274 1191 401 1227 Giove.
426 1192 498 1227 Csr.
524 1192 635 1228 Poen.
668 1193 748 1233 529,
773 1192 935 1227 Macrob.
966 1192 1043 1226 Sat.
1070 1191 1102 1234 3,
1130 1193 1185 1235 12,
1216 1193 1254 1227 2:
1295 1190 1308 1206 ‘¹
1326 1195 1490 1229 testatur
1515 1194 1580 1230 Te-

110 1247 124 1263 ‘
145 1249 288 1286 tentius
306 1250 457 1285 Varro...
475 1249 634 1285 maiores
653 1250 783 1286 solitos
801 1250 985 1285 decimam
1011 1249 1162 1284 Herculi
1188 1261 1334 1293 vovere,
1358 1262 1428 1286 nec
1452 1252 1580 1287 decem

111 1305 125 1321 ⁸
146 1308 226 1343 dies
250 1307 500 1343 intermittere
526 1308 617 1352 quin
642 1308 877 1352 pollucerent
901 1320 945 1343 ac
962 1308 1142 1353 populum
1169 1308 1378 1347 ἀσύμβολον
1404 1320 1488 1344 cum
1522 1321 1581 1345 00-
1631 1349 1634 1351 ,

110 1363 124 1378 ‘
146 1378 238 1401 rona
260 1366 392 1401 laurea.
416 1366 660 1401 admitterent
685 1367 852 1402 cubitum
869 1393 900 1410 ,.
924 1383 970 1390 —-
1066 1366 1162 1401 469.
1194 1378 1267 1410 par
1295 1364 1308 1379 ‘
1324 1367 1456 1409 vicino,
1483 1380 1579 1403 com-

108 1434 231 1468 pagno
257 1424 294 1457 di
318 1423 445 1458 tavola
463 1450 491 1466 „,
526 1424 604 1459 cioe
633 1422 836 1466 ὁμόκλινος,
871 1424 1016 1468 poiche,
1053 1424 1211 1459 secondo
1249 1423 1276 1458 il
1314 1427 1481 1460 costume
1518 1425 1580 1460 dei

110 1481 228 1520 Greci.
255 1481 417 1516 soltanto
442 1482 514 1517 due
540 1493 697 1526 persone
722 1484 907 1526 potevano
924 1481 1063 1527 pigliar
1080 1484 1186 1526 posto
1204 1482 1305 1517 nella
1330 1485 1448 1518 stessa
1466 1482 1580 1526 κλίνη,

107 1540 170 1574 1181
195 1539 274 1575 sofa
298 1539 378 1574 cioe
403 1539 469 1575 che
497 1540 680 1575 venivano
715 1540 872 1584 disposti
909 1541 1059 1575 intorno
1096 1540 1173 1575 alla
1208 1540 1336 1575 tavola
1367 1541 1414 1576 da
1443 1552 1578 1584 pranzo

106 1598 184 1638 (cir.
208 1598 392 1632 biclinium
417 1598 549 1632 Bacch.
573 1599 607 1640 4,
632 1599 664 1640 4,
695 1599 764 1640 69),
797 1601 942 1634 mentre
972 1598 1101 1634 invece
1131 1599 1193 1643 pei
1222 1598 1380 1633 Romani
1413 1598 1442 1633 il
1472 1600 1580 1634 lectus

108 1668 172 1691 era.
195 1656 292 1690 fatto
317 1667 339 1689 a.
363 1658 419 1690 tre
445 1656 593 1691 braccia
617 1655 843 1698 (triclinium)
882 1668 901 1691 e
938 1658 1076 1701 poteva
1112 1658 1312 1691 contenere
1341 1657 1489 1692 almeno
1521 1659 1578 1692 tre

107 1724 276 1758 persone.
294 1713 364 1748 cfr.
383 1714 483 1748 Pers.
501 1714 533 1755 5,
553 1715 583 1756 1,
604 1716 646 1750 15
666 1717 745 1750 cedo
760 1727 889 1759 parem
906 1727 1005 1759 quem
1023 1716 1152 1759 pepiyi.
1182 1734 1218 1740 -
1272 1714 1368 1750 470.
1386 1715 1417 1749 Il
1433 1714 1580 1751 Ritschl

108 1771 302 1807 considera
335 1773 441 1806 tanto
478 1774 608 1816 questo
646 1774 787 1817 quanto
824 1773 852 1807 il
889 1784 994 1808 verso
1033 1773 1098 1807 che
1129 1784 1242 1818 segue
1276 1783 1380 1808 come
1408 1785 1458 1807 un
1483 1773 1579 1817 glos-

108 1841 220 1864 sema.
251 1846 289 1851 -
397 1828 493 1863 473.
520 1831 639 1864 edisne
663 1831 683 1865 e
709 1841 826 1874 cong.,
852 1830 916 1865 cfr.
941 1843 977 1865 n.
1005 1831 1083 1866 102.
1109 1851 1154 1856 —-
1265 1830 1360 1866 474.
1387 1833 1461 1866 nisi
1484 1834 1579 1866 si=

107 1884 136 1919 ei
160 1884 208 1925 μή
232 1884 261 1919 εἰ
290 1883 303 1898 ⁸
321 1897 343 1921 a.
368 1898 477 1922 meno
503 1887 569 1922 che
596 1899 669 1923 non
687 1901 723 1930 „;
758 1889 823 1923 cfr.
855 1888 959 1932 Capt.
994 1889 1025 1931 3,
1060 1888 1092 1930 3,
1128 1889 1182 1929 15,
1216 1888 1351 1933 Amph.
1377 1889 1409 1930 2,
1439 1889 1470 1930 2,
1499 1889 1577 1930 195,

106 1943 209 1979 Cure.
242 1944 272 1985 1,
307 1944 336 1985 1,
369 1945 425 1979 51.
459 1962 506 1968 —·
538 1950 635 1987 votet,
661 1945 724 1980 cfr.
757 1958 791 1983 n.
816 1947 897 1980 457.
922 1963 968 1969 —
998 1952 1030 1981 et
1054 1948 1087 1980 si
1108 1948 1322 1981 =etiamsi.
1359 1964 1406 1970 --
1444 1953 1578 1982 votet..

105 2003 212 2037 edim:
237 2001 338 2037 nelle
363 2003 613 2047 proposizioni
639 2003 886 2040 condizionali
912 2004 943 2039 si
969 2005 1131 2048 adopera
1156 2005 1184 2039 il
1210 2007 1382 2049 presente
1409 2006 1469 2040 del
1495 2017 1577 2041 con·

103 2059 285 2104 giuntiw,
311 2061 460 2105 quando
486 2061 516 2096 si
544 2062 630 2097 vuol
654 2065 941 2107 rappresentare
961 2063 990 2097 il
1008 2063 1210 2098 verificarsi
1236 2063 1338 2098 della
1362 2064 1577 2099 condizione

105 2129 124 2152 e
150 2117 251 2153 della
275 2129 529 2162 conseguenza
554 2131 657 2155 come
678 2120 778 2155 reale
799 2132 818 2155 o
838 2121 984 2157 almeno
1003 2132 1106 2156 come
1123 2121 1314 2166 possibile,
1340 2121 1403 2156 cfr.
1423 2122 1478 2164 60,
1499 2122 1577 2164 148,

103 2176 183 2218 441,
209 2177 289 2218 457,
314 2177 480 2218 468-473,
506 2177 585 2212 628.
610 2195 657 2201 -
752 2178 848 2212 477.
874 2181 915 2213 de
929 2181 1000 2213 vita
1018 2191 1094 2214 mea
1123 2177 1136 2191 ‘²
1154 2179 1192 2214 di
1218 2180 1273 2214 cio
1301 2180 1366 2214 che
1394 2181 1412 2214 e
1439 2180 1476 2214 la
1501 2179 1578 2215 mia.

104 2234 182 2270 vita
198 2262 226 2277 „,
251 2235 331 2270 cioe
349 2235 362 2269 i
387 2235 501 2271 buoni
530 2236 686 2271 boeconi
704 2247 723 2272 e
742 2236 776 2271 le
796 2236 954 2271 vivande
972 2237 1038 2281 piu
1055 2237 1223 2281 squisite.
1249 2255 1284 2260 -
1361 2236 1457 2272 478.
1483 2249 1578 2273 vere-

103 2294 259 2327 cundari
286 2291 299 2305 ⁸
315 2305 404 2328 aver
430 2293 606 2336 riguardi,
632 2294 689 2328 far
714 2294 916 2330 cerimonie
939 2321 967 2337 ,.
986 2295 1036 2329 Lo
1054 2295 1241 2339 Scaligero
1260 2297 1279 2330 e
1292 2297 1391 2330 stato
1409 2296 1436 2330 il
1454 2295 1575 2340 primo

103 2361 126 2385 a
148 2353 279 2387 notare
304 2351 332 2385 il
357 2351 513 2388 colorito
547 2352 687 2388 comico
721 2353 758 2387 di
792 2354 924 2397 questa
958 2353 1201 2396 espressione.
1228 2352 1313 2397 Egli
1339 2354 1475 2390 serive:
1505 2351 1519 2367 ⁸
1535 2354 1575 2389 in

107 2406 120 2421 ⁸
141 2411 274 2444 senatu
299 2409 438 2445 dieitur
460 2410 566 2445 nulla
592 2411 879 2446 verecundia
904 2411 1016 2446 debet
1041 2423 1106 2446 nos
1132 2412 1330 2447 demovere
1349 2423 1371 2446 a.
1387 2413 1578 2448 sententia

106 2463 120 2479 ¹¹
136 2466 306 2509 dicenda,
321 2468 385 2502 ubi
403 2468 448 2503 de
466 2468 576 2504 rebus
593 2468 732 2504 divinis
750 2471 788 2504 et
806 2469 978 2504 humanis
996 2469 1131 2514 agitur.
1158 2469 1317 2505 Divinae
1335 2471 1374 2505 et
1390 2470 1577 2506 humanae

104 2521 118 2537 ⁸
139 2536 197 2561 res
223 2525 380 2569 parasiti
407 2528 464 2561 est
489 2538 583 2568 esca,
611 2529 648 2562 et
666 2538 795 2562 mensa
820 2530 985 2563 senatus.
1013 2527 1091 2569 Quo
1118 2528 1208 2573 quid
1233 2528 1395 2573 lepidius
1413 2528 1489 2565 diei
1514 2540 1577 2574 po·

104 2579 119 2596 ⁸
138 2583 238 2619 test?
263 2584 384 2619 Aliter
409 2585 582 2629 accipias,
608 2585 707 2630 perit
733 2585 852 2621 omnis
878 2585 983 2631 lepor
1001 2613 1029 2629 ‚.
1049 2603 1096 2610 —
1168 2586 1264 2622 479.
1289 2590 1575 2622 cernitur=de-
