1818 2973
234 64 280 100 98
824 77 863 102 Μ.
886 64 976 103 Acci
993 77 1125 104 Ριᾼυτι

341 159 351 177 ‘
368 156 472 197 Mihi
501 151 668 209 quidem
696 158 844 199 hercle
872 157 954 198 non
982 161 1046 199 est
1074 160 1184 210 quod
1212 160 1307 202 dem
1334 158 1522 204 mutuom
1536 161 1562 204 '-

233 232 307 272 CA.
335 235 345 253 ‘
361 233 504 273 Malim
532 231 677 274 hercle
708 236 754 273 ut
782 244 932 274 uerum
961 228 1075 274 dicas
1102 246 1228 286 quam
1256 239 1304 276 ut
1330 237 1403 278 des
1430 235 1619 280 mutuom
1633 238 1659 282 ⁹.

232 310 315 348 ΜΕ.
344 308 424 349 Sed
453 303 549 350 uide
577 309 797 349 consilium
824 305 859 348 si
887 309 1036 360 placet.
1090 311 1163 351 CA.
1192 311 1297 360 Quid
1326 310 1539 354 consilist?

232 384 315 424 ΜΕ.
329 384 514 432 Scitum,
536 380 583 424 ἀι
601 395 678 435 ego
696 387 856 435 opinor,
877 383 1098 425 consilium
1117 382 1272 427 inueni.
1322 389 1395 428 CA.
1414 389 1520 436 Quid
1539 391 1625 430 est?
1645 420 1678 443 35

232 460 317 499 ΜΕ.
344 461 475 499 Homo
503 457 764 500 conducatur
792 458 944 511 dliquis
971 460 1068 508 iam,
1098 458 1301 512 quantum
1329 465 1464 514 potest
1599 466 1679 506 765

336 534 461 582 Quasi
489 529 542 579 sit
569 535 831 587 peregrinus.
886 538 959 576 CA.
987 531 1090 584 Quid
1121 537 1155 577 is
1182 537 1261 578 soit
1288 538 1429 580 facere
1457 537 1625 590 postea?

231 611 315 650 ΜΕ.
343 611 381 649 Is
408 609 534 650 homo
561 606 797 651 exornetur
823 610 1027 663 grephice
1055 613 1097 652 in
1125 610 1396 665 peregrinum
1425 615 1615 656 modum:

335 682 479 733 Ignota
508 685 647 733 facies,
677 683 785 737 quae
815 697 898 726 non
926 686 1096 728 uisitdta
1124 689 1189 728 sit.

335 758 694 811 Mende’iciloquom
708 762 914 812 aliquem!
936 764 1008 802 CA.
1024 759 1128 810 Quid
1148 763 1182 803 is
1201 763 1280 804 scit
1293 764 1434 805 facere
1450 763 1591 816 postea
1607 768 1624 805 ’.θ
1652 796 1684 819 ⁴0

230 837 313 875 ΜΕ.
341 832 595 876 Falsidicum
623 833 924 878 confidentem!
983 839 1056 878 CA.
1084 839 1189 886 Quid
1218 841 1307 879 tum
1327 838 1499 890 postea?
1623 844 1703 882 770

230 985 294 1021 cfr.
308 997 412 1022 come
430 986 654 1031 espressioni
672 986 787 1022 simili
805 999 930 1031 nuyae,
948 989 1028 1031 loyi,
1045 989 1199 1031 fabulae,
1212 990 1351 1024 somnia
1371 986 1386 1002 ⁸
1406 989 1504 1033 baie,
1517 989 1656 1026 scherzi
1673 1003 1702 1035 ,ς

230 1043 294 1079 cfr.
320 1044 431 1080 Poen.
448 1045 514 1080 137
528 1056 657 1089 yerrae
671 1057 873 1089 germanae,
891 1047 1011 1090 edepol
1035 1047 1137 1088 λῆροι
1161 1047 1265 1087 λῆροι
1288 1049 1390 1082 meri.
1417 1068 1458 1073 —
1488 1055 1533 1083 ne
1555 1053 1595 1083 tu
1622 1045 1636 1061 ⁸
1657 1048 1702 1084 si·

230 1105 444 1138 curamenta
466 1130 495 1146 ‚.
522 1124 564 1129 —
590 1105 732 1138 verbum
756 1106 945 1148 inveneris,
971 1106 1057 1140 sott.
1083 1117 1154 1140 non
1172 1107 1374 1148 pecuniam.
1392 1126 1437 1131 -
1453 1108 1546 1142 illud
1561 1108 1703 1143 verbum

233 1157 247 1174 ⁸
268 1160 306 1196 la
330 1160 442 1196 solita
466 1161 629 1205 risposta.
649 1189 678 1205 „.
697 1181 742 1186 —
793 1161 877 1196 761.
904 1164 992 1196 mihi
1017 1164 1036 1197 e
1063 1162 1244 1198 collocato
1270 1174 1292 1197 a
1316 1163 1501 1209 principio
1519 1164 1580 1200 del
1597 1176 1702 1202 verso

230 1230 298 1254 con
322 1219 463 1262 grande
490 1219 627 1261 enfasi:
666 1220 730 1255 cfr.
767 1220 866 1255 Pers.
894 1221 924 1262 1,
953 1221 983 1262 1,
1009 1221 1030 1255 6
1055 1233 1117 1255 nec
1152 1223 1338 1265 quicquam
1375 1224 1448 1257 nisi
1476 1219 1490 1235 ⁸
1510 1234 1582 1258 non
1613 1228 1664 1258 est
1684 1251 1699 1267 ‚,

227 1279 345 1312 sciunt
370 1279 459 1312 mihi
482 1280 697 1322 respondere
721 1290 806 1322 quos
832 1289 926 1322 royo.
953 1298 997 1303 —
1048 1278 1143 1313 762.
1163 1280 1285 1315 malim
1309 1280 1424 1315 hercle
1448 1291 1520 1316 ecc.
1547 1280 1702 1316 Callicle

228 1335 433 1380 soggiunge
470 1335 740 1371 ironicamente
779 1348 801 1371 a
837 1337 1099 1380 Megaronide:
1127 1348 1165 1372 se
1191 1349 1264 1372 uno
1290 1338 1342 1372 mi
1366 1339 1600 1382 rispondesse
1626 1341 1703 1375 cosi

228 1403 333 1428 come
357 1396 399 1428 tu
425 1393 510 1436 dici,
536 1393 572 1429 io
598 1395 636 1429 di
661 1394 831 1429 rimando
849 1394 967 1429 direi:
998 1392 1011 1407 “
1032 1395 1084 1429 mi
1108 1395 1343 1440 piacerebbe,
1369 1396 1434 1440 piu
1452 1397 1519 1431 che
1537 1396 1575 1431 di
1592 1407 1701 1433 avere

226 1452 274 1486 da.
297 1454 336 1488 te
361 1453 422 1488 del
447 1453 585 1488 danaro
612 1453 652 1487 in
677 1455 818 1495 mutuo,
844 1453 910 1488 che
947 1454 989 1487 tu
1026 1453 1115 1488 fossi
1140 1454 1291 1498 proprio
1329 1456 1405 1490 cosi
1443 1466 1545 1491 come
1572 1457 1613 1491 tu
1638 1455 1700 1498 di’,

227 1511 306 1546 cioe
332 1513 407 1547 cosi
432 1511 639 1547 realmente
664 1523 800 1556 povero
820 1523 922 1546 come
949 1511 981 1547 ti
1005 1512 1130 1556 spacci
1151 1539 1180 1555 ‚.
1206 1502 1235 1546 Ε
1260 1524 1335 1547 una
1360 1513 1532 1557 risposta,
1548 1525 1651 1550 come
1669 1515 1701 1551 si

227 1570 330 1611 vede,
356 1570 423 1605 che
449 1582 495 1605 va
520 1581 542 1604 a
567 1570 677 1605 ferire
703 1570 969 1605 direttameute
995 1569 1185 1605 l'avarizia
1209 1571 1247 1605 di
1272 1571 1524 1614 Megaronide,
1544 1571 1570 1605 il
1588 1573 1700 1616 quale

227 1640 290 1663 era
316 1630 413 1664 stato
442 1630 548 1664 tanto
573 1629 695 1663 buono
722 1640 741 1663 e
768 1631 915 1664 austero
932 1629 1080 1672 giudice
1098 1640 1117 1663 e
1136 1628 1357 1672 consigliere
1382 1628 1422 1663 in
1448 1640 1558 1664 causa
1575 1629 1700 1665 altrui.

226 1704 272 1710 —
322 1686 417 1722 763.
443 1689 524 1722 sed:
550 1687 790 1731 Megaronide
818 1687 914 1731 finge
941 1687 978 1721 di
1002 1698 1076 1722 non
1102 1686 1309 1727 intendere,
1337 1698 1356 1721 e
1383 1687 1420 1721 fa
1445 1687 1483 1720 di
1507 1689 1606 1722 tutto
1632 1697 1700 1731 per

228 1745 348 1780 sviare
374 1745 402 1780 il
428 1745 589 1781 discorso
616 1746 714 1780 dalle
741 1745 916 1780 allusioni
941 1744 1141 1789 personali,
1159 1744 1380 1789 portandolo
1407 1755 1449 1779 su
1474 1744 1512 1779 di
1537 1756 1588 1779 un
1605 1744 1701 1780 altro

226 1806 397 1845 teri-enm
424 1804 487 1839 cfr.
514 1806 653 1848 quanto
680 1804 810 1838 all'uso
837 1804 883 1838 ed
908 1803 944 1838 al
970 1803 1179 1846 significato
1217 1802 1255 1837 di
1287 1804 1348 1837 sed
1371 1802 1411 1837 in
1436 1804 1567 1847 queste
1600 1802 1702 1845 frasi,

226 1875 263 1897 n.
291 1863 344 1897 16.
376 1883 412 1887 —
441 1865 528 1904 vid&
555 1863 619 1897 cfr.
645 1863 783 1897 Introd.
810 1862 915 1905 Capt.
941 1861 1105 1896 XXXIV.
1143 1881 1188 1886 ——
1225 1863 1258 1895 si
1286 1858 1299 1873 ⁸
1321 1872 1360 1896 se
1386 1861 1461 1896 mai
1491 1874 1522 1904 ,,;
1551 1861 1595 1896 cf.
1621 1861 1701 1903 532,

228 1921 296 1956 859
323 1932 342 1956 e
367 1933 402 1956 n.
430 1921 534 1964 capt.
561 1921 653 1965 prol.
672 1921 728 1955 28.
747 1939 793 1943 —
835 1920 929 1954 764.
948 1922 1075 1954 scitum
1104 1917 1116 1931 ⁸
1135 1919 1234 1954 abile
1256 1946 1285 1962 „.
1310 1935 1355 1939 —
1411 1918 1506 1953 765.
1531 1923 1702 1963 quantum

221 1977 357 2024 potest⁸
378 1991 444 2024 per
461 1982 602 2024 quanto
618 1981 636 2014 e
650 1979 828 2024 possibile
851 2005 880 2022 „.
908 2000 949 2004 —
1002 1977 1096 2012 767.
1115 1983 1308 2011 eaeornetur
1327 1974 1341 1989 ⁸
1364 1977 1420 2012 sia
1438 1977 1574 2012 vestito
1597 2005 1626 2020 „‚
1639 1979 1660 2013 e
1673 1977 1702 2012 il

227 2037 387 2073 termine
412 2037 564 2081 proprio
578 2049 644 2081 per
661 2038 825 2072 indicare
840 2037 868 2070 il
880 2035 1166 2071 travestimento
1193 2034 1294 2078 degli
1319 2035 1443 2070 attori.
1458 2050 1503 2055 —
1514 2036 1704 2079 yraphice:

229 2098 305 2132 cosi
321 2097 612 2140 perfettamente
628 2095 749 2130 simile
765 2095 811 2129 ad
827 2107 876 2129 un
895 2094 1100 2135 forestiero,
1114 2105 1215 2129 come
1234 2094 1272 2128 la
1296 2093 1403 2138 copia
1419 2094 1439 2128 e
1457 2093 1494 2128 al
1511 2105 1575 2129 suo
1594 2093 1702 2138 origi-

228 2154 335 2189 nale:
362 2154 426 2189 cfr.
449 2155 645 2198 yraphieus
676 2158 831 2197 nugator
856 2153 924 2187 936
953 2149 966 2164 ⁸
989 2151 1016 2186 il
1041 2152 1121 2196 tipo
1147 2151 1208 2186 del
1235 2151 1435 2186 visionario
1457 2178 1485 2194 „‚
1508 2153 1704 2195 yraphicus

226 2214 292 2255 fur
320 2210 334 2225 ⁸
355 2213 383 2247 il
408 2213 489 2257 tipo
507 2212 568 2247 del
586 2213 701 2253 ladro,
728 2211 755 2245 il
781 2211 943 2255 perfetto
962 2210 1066 2245 ladro
1090 2238 1103 2252 ,‚
1134 2210 1235 2252 1024,
1264 2210 1366 2244 1139.
1384 2229 1429 2234 —
1479 2208 1573 2244 768.
1590 2211 1703 2253 facies

232 2268 246 2284 ⁸
268 2283 317 2306 un
343 2273 489 2315 aspetto
511 2298 540 2314 „‚
566 2270 644 2305 scil.
663 2272 710 2304 sit
727 2272 768 2304 ei.
788 2290 829 2294 —
849 2271 993 2303 visitata
1007 2282 1050 2295 =
1064 2271 1197 2303 usitata
1226 2265 1239 2280 ⁸
1261 2278 1416 2303 comune
1434 2295 1462 2310 „‚
1488 2267 1551 2302 cfr.
1570 2268 1702 2303 Pseud.

230 2330 296 2364 727
323 2332 384 2374 qui
408 2331 464 2364 hic
488 2341 560 2364 non
584 2331 749 2363 visitatus
773 2340 875 2372 saepe
899 2330 956 2361 sit.
983 2347 1029 2351 —
1080 2326 1174 2361 769.
1201 2327 1499 2370 mendaciloquom
1523 2327 1702 2370 aliquem:

190 2394 194 2400 ’
230 2389 250 2423 e
275 2388 371 2422 forse
396 2400 445 2422 un
472 2387 679 2430 anacoluto,
706 2398 728 2421 a
753 2386 812 2421 cui
837 2397 970 2420 manca
994 2385 1021 2419 il
1041 2398 1073 2419 v.
1091 2386 1283 2428 reggente,
1308 2395 1374 2428 per
1392 2395 1514 2419 errore
1533 2395 1553 2419 o
1569 2387 1704 2428 guasta

231 2447 512 2482 conservazione
538 2446 638 2481 della
661 2445 865 2480 tradizione
902 2455 1009 2478 mser.
1035 2444 1097 2477 Ma
1121 2443 1300 2487 potrebbe
1327 2443 1444 2477 anche
1469 2442 1638 2478 trattarsi
1663 2442 1701 2477 di

230 2517 281 2540 un
306 2505 516 2540 accusativo
544 2505 581 2539 di
607 2504 887 2545 esclamazione,
912 2502 1090 2547 aggiunto
1117 2513 1220 2537 come
1246 2501 1459 2546 epifonema
1476 2501 1552 2536 alla
1567 2500 1701 2536 descri-

230 2564 335 2600 zione
372 2564 608 2609 precedente,
636 2563 699 2598 cfr.
724 2574 791 2607 per
815 2562 852 2597 la
877 2562 997 2598 forma
1021 2573 1053 2595 v.
1081 2560 1160 2597 200.
1197 2572 1242 2581 -⁶
1348 2558 1443 2593 770.
1480 2561 1703 2603 confidentem

1171 2677 1209 2685 ,φ
