1818 2973
243 14 311 50 130
831 27 870 51 Μ.
896 25 978 51 Acci
1001 25 1135 53 pun-ri

243 106 314 146 S‘r.
348 101 441 146 N6n
459 104 542 147 hoe
559 105 725 158 publice
742 103 930 147 Animum
948 106 1140 148 adum-ti:
1167 117 1266 149 nam
1284 102 1326 150 id
1345 119 1478 162 genus
1496 108 1714 153 hominum

1477 183 1716 228 hdminibus

349 242 567 300 &nium-sis
595 256 658 300 est
685 258 913 299 aduorsum
931 261 1060 311 atque
1078 257 1190 301 6111111
1209 262 1361 313 populo
1379 260 1489 305 mele
1507 263 1621 305 facit.
1653 292 1687 318 ω

349 333 461 376 Male
489 334 615 374 fidem
643 332 852 376 seruimdo
880 334 962 375 illis
988 346 1154 387 quoque
1179 334 1386 389 ebregant
1420 336 1548 380 etism
1576 338 1714 388 fidem,

349 404 428 458 Qui
455 409 515 449 nil
543 409 701 450 meriti:
730 404 883 462 quippe
902 421 1050 451 eorum
1068 421 1125 452 ex
1143 410 1311 464 ingenio
1329 412 1544 465 ingenium
1563 409 1715 455 horum

1550 489 1714 532 robant.

348 558 437 601 Ηόο
463 559 536 611 qui
563 558 606 600 in
634 562 820 602 mentem
847 559 1013 603 uenerit
1040 561 1144 602 mihi
1184 572 1234 604 re
1273 556 1362 614 ipsa
1389 563 1510 604 modo
1522 500 1716 605 ΙΖ101111110-

1311 637 1424 678 nitus
1450 649 1556 679 sum.
1612 639 1715 679 1050

243 755 340 791 fatto
365 754 390 790 1‘
404 754 634 791 indicazione
660 755 723 791 del
746 767 856 792 nome
881 756 920 792 di
944 756 1010 792 lui.
1040 775 1076 781 —
1105 759 1237 794 malam
1261 771 1337 795 rem
1362 770 1447 804 opp.
1470 760 1604 795 malum
1627 762 1716 796 dare

247 810 262 826 ⁶
278 811 474 857 infliggere
498 825 574 849 una
597 813 796 858 punizione
813 826 850 857 ,z
875 814 913 849 la.
937 814 1035 850 fraso
1060 817 1194 850 malum
1210 818 1299 851 dare
1314 816 1345 852 si
1363 818 1526 861 adopera
1550 817 1714 863 propris.-

243 873 370 907 mente
394 882 462 916 per
479 870 656 914 indicare,
673 871 713 906 in
730 873 839 907 modo
858 872 1102 915 eufemistieo‚
1120 873 1158 908 la.
1173 873 1370 918 punizione
1388 875 1455 910 che
1472 875 1600 911 soleva
1615 876 1716 912 darei

243 929 321 974 agli
345 929 487 965 schiavi
504 940 570 974 per
586 941 707 966 mezzo
725 929 785 966 del
802 931 970 974 bastone,
996 931 1075 967 cioe
1094 931 1131 967 la
1146 931 1420 976 flagellazione;
1446 932 1493 968 ed
1509 933 1529 969 e
1546 943 1569 968 a
1585 934 1717 977 questo

243 987 453 1033 significato
479 988 546 1024 che
572 988 603 1023 si
628 991 853 1025 eonnettono
878 989 913 1025 le
939 989 1162 1034 espressioni
1194 991 1328 1025 malam
1351 1002 1426 1026 rem
1451 992 1591 1034 mereri,
1616 1002 1717 1036 quae·

242 1058 335 1088 rere,
359 1048 532 1091 reperire,
562 1059 740 1083 arcessere
765 1058 784 1082 e
810 1048 848 1083 la
872 1048 970 1083 frase
996 1049 1055 1082 abi
1078 1050 1118 1083 in
1142 1049 1275 1083 malam
1300 1060 1396 1091 rem;
1422 1048 1488 1085 cfr.
1513 1049 1591 1084 Liv.
1607 1049 1642 1092 4,
1659 1048 1718 1091 49,

246 1105 287 1140 11
314 1105 448 1140 malum
473 1107 612 1150 quidem
637 1107 809 1141 militibus
835 1108 920 1141 meis
944 1108 1018 1141 nisi
1042 1108 1247 1151 quieverint,
1272 1106 1354 1143 dice
1379 1107 1570 1144 Postumio
1595 1106 1719 1152 Regil-

243 1162 359 1206 lense,
377 1174 397 1199 e
422 1163 451 1198 il
475 1164 627 1200 tribuno
654 1166 886 1201 commenta:
916 1163 929 1178 ⁸
948 1165 1097 1208 auditis,
1124 1165 1299 1208 Quirites,
1316 1165 1369 1201 sie
1386 1168 1428 1201 ut
1445 1165 1561 1202 servis
1578 1166 1719 1202 malum

244 1220 487 1257 minitantem
511 1222 696 1258 militibus
715 1250 743 1267 ‚.
774 1240 811 1246 -
899 1222 1015 1259 1046.
1041 1235 1113 1258 non
1137 1225 1288 1259 advorti.
1316 1224 1354 1258 L'
1368 1223 1516 1260 infinito
1542 1235 1647 1260 serve
1672 1225 1721 1260 ad

245 1279 448 1324 esprimere
473 1280 759 1324 indignazione:
789 1278 803 1294 ⁸
821 1293 896 1316 non
922 1283 942 1317 e
968 1281 1044 1326 egli
1069 1293 1144 1317 una
1169 1293 1358 1327 vergogna
1387 1282 1453 1318 che
1471 1282 1610 1318 siffatte
1625 1282 1719 1319 brie-

246 1338 393 1374 conerie
417 1350 494 1374 non
518 1339 623 1375 siano
649 1339 779 1383 punite
805 1339 905 1376 dallo
932 1340 1069 1375 Stato‘?
1087 1368 1101 1384 ,
1130 1340 1169 1375 Si
1195 1340 1275 1376 noti
1302 1341 1369 1375 che
1393 1340 1433 1375 in
1458 1342 1588 1385 queste
1606 1341 1722 1378 escla-

245 1395 405 1432 mazioni
431 1396 468 1432 di
494 1398 701 1443 dispiacere
726 1410 746 1434 e
773 1398 810 1433 di
835 1398 975 1442 sdegno
1001 1398 1029 1432 11
1053 1398 1172 1433 latino
1203 1399 1365 1443 adopera
1381 1398 1554 1436 l’infinito
1572 1399 1720 1445 quaudo

246 1454 278 1490 si
302 1456 419 1490 tratta
444 1456 532 1491 d'un
556 1457 651 1492 fatto
677 1456 866 1501 compiuto
893 1468 912 1492 e
938 1456 1195 1500 immutabile;
1224 1457 1398 1502 adopera,
1424 1457 1567 1501 invem,
1590 1457 1720 1494 ileon·

245 1512 416 1557 giuntivo
443 1525 511 1549 con
536 1520 585 1558 ut,
613 1515 762 1559 quando
788 1514 826 1549 la
852 1526 937 1550 cosa
961 1517 1020 1550 sta
1045 1526 1182 1550 ancora
1205 1514 1512 1551 nell'incertezza
1537 1527 1556 1550 e
1582 1514 1614 1550 si
1645 1517 1719 1560 pub

246 1573 436 1616 aspettare
462 1572 529 1608 che
555 1584 637 1609 essa
662 1585 772 1617 possa
789 1584 910 1608 essere
937 1584 1073 1609 ancora.
1097 1573 1194 1608 satta
1203 1585 1212 1615 ;
1240 1572 1303 1607 cfr.
1329 1585 1361 1607 v.
1388 1573 1457 1608 750
1481 1577 1520 1608 ut
1543 1584 1602 1617 eqo
1625 1584 1721 1608 nunc

247 1631 462 1666 adulescenti
487 1633 718 1666 thensaurum
742 1633 926 1666 indicem?
948 1631 987 1667 Si
1011 1631 1092 1666 noti
1118 1633 1207 1675 perb
1234 1631 1312 1673 che,
1337 1630 1399 1666 nei
1425 1630 1554 1673 codici,
1579 1632 1600 1666 e
1617 1629 1720 1666 808171-

246 1688 344 1724 tuito
369 1701 486 1724 nonne
510 1701 532 1724 a
556 1702 637 1732 non,
664 1691 799 1734 perche
826 1690 839 1725 i
865 1689 1001 1734 copisti
1026 1689 1326 1734 interpretarono
1350 1688 1519 1723 l'advorti
1542 1698 1646 1724 come
1670 1699 1723 1723 un

245 1747 420 1792 perfetto.
447 1748 751 1784 L’emendazione
781 1749 801 1784 e
827 1748 889 1784 del
915 1747 1048 1793 Guyet.
1078 1768 1114 1774 —
1195 1746 1311 1782 1047.
1338 1746 1377 1781 Si
1401 1746 1482 1782 noti
1506 1745 1544 1781 la
1568 1757 1723 1792 parono-

247 1805 368 1841 masia.
391 1806 457 1842 che
492 1806 526 1841 01
556 1808 575 1842 e
608 1808 668 1842 tra.
697 1808 879 1841 univorsis
905 1806 950 1840 ed
974 1807 1174 1840 advorsum.
1205 1823 1241 1828 —
1342 1803 1459 1840 1048.
1481 1805 1568 1848 fides
1596 1800 1724 1845 ⁸fede,

246 1864 387 1899 credito
406 1891 434 1908 ,.
465 1884 501 1890 -
531 1866 705 1909 abrbqant
730 1867 749 1901 e
776 1864 985 1900 causativo:
1014 1861 1027 1877 ⁸
1045 1864 1158 1899 fanno
1184 1862 1343 1908 togliere
1360 1890 1389 1906 „.
1412 1880 1448 1886 -
1469 1874 1600 1907 quoque
1617 1863 1723 1897 etiam

247 1924 268 1958 e
292 1922 591 1967 un‘espressione
615 1924 858 1968 tautologica‚
885 1923 922 1957 al
947 1923 1029 1968 pari
1063 1923 1102 1956 di
1134 1933 1217 1965 erqo
1241 1923 1364 1965 iqitur.
1396 1938 1432 1943 —
1518 1919 1635 1955 1049.
1662 1922 1723 1965 qui

247 1982 302 2016 nil
326 1983 456 2023 meriti,
481 1984 568 2017 sott.
595 1988 692 2018 sunt:
719 1982 835 2017 anche
869 1981 987 2026 quelli
1024 1981 1091 2015 che
1128 1991 1203 2015 non
1236 1979 1530 2014 meriterebbero
1563 1978 1722 2014 d'essere

248 2039 372 2075 tenuti
397 2042 473 2076 cosi
498 2040 538 2075 in
562 2039 774 2083 discredito,
800 2040 936 2084 perche
962 2050 1076 2074 sanno
1102 2040 1320 2073 mantenere
1344 2037 1383 2072 la
1407 2037 1486 2072 loro
1510 2037 1653 2081 parole..
1680 2053 1719 2060 —

249 2109 372 2133 eorum
395 2111 448 2141 ex,
475 2099 532 2134 eol
557 2098 731 2143 palimps.
757 2098 928 2140 ambros„
952 2108 1021 2142 per
1044 2109 1087 2131 ex
1111 2108 1233 2131 eorum
1258 2095 1318 2131 dei
1348 2094 1465 2131 codici
1490 2093 1662 2140 palatini.
1684 2112 1721 2118 -

249 2168 422 2200 eorum,
454 2160 515 2202 qui
538 2159 648 2199 male;
673 2158 846 2198 horum,
874 2158 935 2201 qui
959 2157 1039 2190 bene
1062 2156 1166 2198 fidem
1190 2159 1344 2190 servant.
1374 2171 1419 2177 --
1443 2154 1601 2198 probant
1624 2150 1724 2195 (sott.

250 2214 419 2258 homines)
444 2214 457 2229 ⁸
474 2216 686 2261 giudieano,
704 2216 816 2251 fanno
843 2214 955 2250 stima
972 2227 1009 2258 ‚z
1044 2213 1108 2249 cfr.
1122 2213 1236 2249 Persa
1260 2213 1293 2254 2,
1312 2213 1344 2255 2,
1364 2211 1409 2247 30
1433 2217 1493 2247 tuo
1517 2223 1561 2246 ex
1584 2213 1726 2255 inqenio

252 2287 367 2310 mores
392 2277 528 2310 alienos
549 2276 693 2320 probas.
722 2294 759 2300 -
832 2272 950 2308 1050.
975 2273 1284 2318 qui=quomodo,
1310 2276 1359 2306 ut.
1385 2261 1414 2305 E
1440 2280 1576 2305 ancora.
1600 2280 1651 2304 un
1674 2279 1727 2304 es.

253 2333 470 2370 dell'antica
494 2333 725 2369 costruzione
750 2331 999 2378 paratattica:
1025 2330 1054 2366 il
1079 2341 1184 2376 cong.
1210 2331 1344 2365 venerit
1368 2329 1406 2364 fa
1430 2330 1538 2373 parte
1571 2325 1726 2362 dell’in-

253 2392 511 2437 terrogazione
535 2392 717 2427 indiretta
741 2403 760 2427 e
786 2391 947 2436 dipende
964 2391 1012 2425 da
1029 2401 1103 2425 una
1120 2388 1307 2424 domanda
1324 2386 1546 2423 sottintesa:
1574 2382 1589 2398 ⁴¹
1603 2384 1726 2420 volete

254 2445 317 2487 noi
341 2463 472 2496 sapere
498 2463 601 2488 come
619 2479 632 2494 ‚
647 2464 656 2492 ;
691 2450 755 2486 cfr.
781 2449 889 2495 Epid.
920 2449 954 2493 2,
990 2449 1024 2490 2,
1058 2448 1100 2483 31
1131 2449 1170 2482 id
1195 2448 1281 2482 adeo
1305 2447 1366 2491 qui
1390 2446 1544 2480 maxime
1567 2444 1727 2479 animum

255 2511 502 2545 advorterim?
530 2510 720 2554 Pleraeque
748 2520 807 2543 eae
836 2509 899 2543 sub
932 2507 1145 2542 vestimentis
1169 2516 1284 2541 secum
1309 2504 1479 2539 habebant
1503 2502 1618 2543 retia;
1645 2499 1728 2536 Ter.

1199 2621 1252 2635 ν...
