1872 2968
236 73 262 108 2
826 84 864 108 M.
888 83 972 108 Acm
995 83 1129 109 PLAtx-rt

394 166 582 215 Remque
609 161 773 205 6mnem
801 163 935 204 amieo
962 161 1121 204 Callicli
1151 160 1324 205 mandat
1354 176 1442 206 suo.

394 237 500 280 Istoc
526 240 696 280 ahsente
724 237 832 278 male
860 249 951 278 rem
981 238 1117 288 perdit
1144 233 1276 279 filius.

392 315 499 354 Nam
528 317 570 355 et
597 310 711 354 aedis
740 312 904 352 uendit:
933 310 1011 352 has
1038 315 1256 353 mercatur
1283 312 1486 355 Callicles,

394 396 523 446 Virgo
549 391 734 434 indotata
763 377 881 435 εὸΐὸῐ*
909 395 1029 434 istius
1061 393 1256 445 poscitur.
1678 398 1704 439 5

394 478 532 518 Minus
559 475 639 527 (1υό
666 487 761 516 cum
790 477 947 516 inuidia
975 459 1015 517 ei
1044 477 1113 517 det
1142 477 1279 517 dotem
1307 475 1514 526 Callicles,

393 550 563 593 Mandat
591 552 659 602 qui
689 552 801 591 dicat
828 548 979 591 mirum
1009 553 1122 592 ferre
1150 564 1195 592 se
1222 550 1247 592 8
1276 555 1410 603 patre.

392 636 447 674 Vt
476 616 591 674 ue'nit
619 634 670 673 ad
699 634 824 685 aedis,
855 631 968 673 hsmc
997 634 1155 674 deludit
1182 632 1429 675 Charmides

393 704 541 754 Senex,
571 708 617 745 ut
645 706 791 746 rediit:
819 704 966 756 qudius
994 707 1158 746 nubunt
1185 702 1318 747 liberi.

235 841 264 876 il
289 841 453 884 Wagner
478 850 497 874 e
523 839 549 874 il
575 840 674 881 Brix,
701 851 809 875 senza
834 841 901 875 che
927 852 970 875 ve
995 851 1042 875 ne
1069 839 1124 875 sia
1148 839 1313 884 ragione,
1351 840 1598 887 aggiungon0‚
1636 853 1704 886 per

235 898 403 939 evitatio,
429 898 548 933 dietro
574 898 765 942 l’esempio
792 898 853 932 del
879 898 1033 941 Ritsehl,
1059 910 1108 932 un
1134 900 1225 932 clam
1250 899 1345 942 dopo
1383 900 1637 934 thensaurum:
1674 899 1703 934 11

235 957 364 992 Loewe
390 956 539 997 invece,
566 956 717 990 Analec.
743 956 865 990 Plauss.
891 968 926 1000 p.
955 957 1032 997 195,
1059 967 1126 999 per
1151 955 1305 990 riuscire
1331 956 1404 990 allo
1431 958 1548 991 stesso
1581 968 1704 1002 scopo,

233 1025 397 1060 propone
434 1014 720 1058 &interpretare
759 1014 849 1048 l'abe
888 1026 949 1048 ens
983 1012 1040 1053 (=
1073 1012 1217 1056 abiens),
1253 1014 1319 1048 che
1346 1013 1376 1047 si
1402 1014 1511 1057 legge
1541 1013 1637 1058 dopo
1664 1007 1702 1049 ili

233 1074 436 1107 abstrusum
461 1072 523 1106 nel
549 1073 688 1107 codex
725 1073 873 1113 vetus,
901 1083 1004 1106 come
1032 1071 1269 1115 equivalente
1296 1083 1318 1106 a
1343 1072 1481 1106 abelens
1506 1072 1566 1111 (da
1583 1073 1704 1115 betere,

232 1132 362 1174 bitere5
388 1130 451 1165 cfr.
478 1130 582 1175 Capt.
608 1143 644 1164 n.
673 1129 764 1170 330).
791 1147 835 1152 —-
858 1142 1006 1173 peregyre
1032 1132 1050 1164 8
1076 1130 1141 1174 qui
1167 1130 1367 1174 adoperato
1393 1141 1461 1173 per
1484 1129 1650 1165 indicare
1675 1130 1704 1165 il

232 1188 392 1224 termine
419 1188 479 1223 del
505 1189 745 1229 movimento,
772 1199 874 1223 come
902 1188 1057 1222 avviene
1085 1188 1200 1222 anche
1227 1187 1265 1221 in
1292 1187 1391 1221 Trin.
1417 1188 1484 1221 149
1502 1193 1552 1221 est
1563 1189 1703 1231 profec-

231 1252 336 1281 turus
354 1259 505 1291 per-effre
531 1259 549 1282 e
575 1247 614 1281 in
642 1247 750 1287 Most,
778 1247 833 1289 25,
860 1247 949 1281 976:
979 1247 1121 1280 altrove
1155 1245 1284 1279 inveee
1310 1246 1330 1279 8
1355 1256 1476 1280 messo
1501 1256 1568 1289 per
1593 1245 1704 1288 signi·

231 1306 341 1341 ficare
367 1317 387 1340 ο
412 1316 485 1340 11110
511 1307 619 1346 staho,
645 1316 748 1340 come
774 1305 813 1338 in
840 1305 973 1348 Amph.
1000 1304 1079 1345 352,
1107 1304 1205 1338 Pers.
1233 1303 1288 1345 29,
1315 1303 1414 1337 Trin.
1433 1303 1512 1341 596.
1539 1314 1560 1337 0
1586 1303 1703 1338 anche

230 1364 258 1399 il
283 1363 512 1399 movimento
539 1364 586 1398 da
615 1376 663 1398 un
689 1363 812 1406 luogo,
840 1374 943 1397 come
969 1362 1007 1396 in
1036 1362 1168 1405 Amph.
1197 1362 1274 1402 161,
1300 1362 1380 1402 361,
1399 1361 1479 1402 846,
1496 1362 1604 1397 Most.
1623 1362 1703 1396 611.

231 1422 304 1458 cfr.
319 1422 423 1467 Capt.
437 1434 473 1456 n.
490 1422 567 1456 173.
586 1439 629 1444 -—-
665 1421 701 1455 3.
728 1423 815 1455 istoc
831 1434 877 1447 =
894 1432 942 1461 eo,
958 1421 1035 1455 cioe
1055 1419 1310 1454 Charmide.
1337 1439 1382 1443 —-
1424 1418 1461 1452 4.
1480 1424 1511 1453 et
1524 1432 1569 1445 =
1582 1420 1699 1453 etiam.

230 1498 277 1504 —
341 1480 378 1515 5.
404 1482 520 1521 istius,
547 1479 584 1514 di
610 1479 823 1518 Lesbonico,
851 1478 929 1513 cioe
956 1478 1017 1513 del
1042 1477 1142 1521 figlio
1160 1477 1198 1511 di
1225 1477 1407 1511 Carmide.
1430 1496 1467 1501 —
1521 1475 1559 1511 6.
1586 1478 1704 1511 minus

230 1551 297 1583 quo
322 1550 399 1574 cum
423 1540 572 1572 invidia.
598 1552 642 1566 Ξ
668 1550 732 1581 quo
759 1537 823 1578 (ut)
849 1549 927 1571 cum
953 1539 1088 1570 minore
1113 1538 1263 1569 invidia.
1290 1552 1333 1557 —
1414 1534 1452 1569 9.
1486 1539 1525 1569 ut
1550 1536 1658 1569 rediit
1683 1536 1702 1568 e

231 1609 305 1632 una
337 1597 466 1632 bruhta
501 1596 731 1640 ripetiziooe,
771 1596 866 1630 satta
895 1595 934 1629 in
961 1593 1121 1638 servigio
1147 1594 1207 1628 del
1234 1597 1364 1634 metro,
1391 1593 1429 1627 di
1454 1604 1504 1627 un
1530 1593 1701 1627 eoncetto

231 1666 398 1700 espresso
435 1655 496 1689 nel
535 1666 639 1689 verso
673 1654 898 1698 precedente
938 1654 989 1693 (ut
1014 1654 1106 1686 venit
1142 1653 1190 1685 ad
1225 1649 1352 1693 aedes).
1379 1668 1422 1673 —-
1454 1652 1589 1694 quoius,
1622 1649 1646 1684 i.
1673 1661 1704 1685 e.

233 1712 506 1749 Charmidis.
534 1713 563 1746 11
589 1712 756 1756 genibivo
778 1714 903 1756 quoius
929 1713 948 1746 8
975 1710 1143 1744 derivato
1162 1709 1429 1744 direttamente
1447 1708 1509 1743 dal
1528 1710 1631 1743 terna
1643 1707 1703 1742 del

230 1782 408 1817 pronome
434 1771 603 1812 relativo,
630 1782 649 1805 e
675 1772 919 1814 rappresenta
935 1769 973 1803 la
998 1769 1075 1802 fase
1102 1767 1287 1802 anteriore
1314 1767 1351 1801 di
1377 1768 1488 1801 cuius.
1507 1783 1551 1788 —
1569 1767 1704 1800 nubunt

232 1843 277 1856 =
295 1831 563 1864 matrimonium
589 1831 722 1863 ineunt.
751 1827 821 1862 Cfr.
849 1827 980 1869 Nonio,
1007 1838 1042 1870 p.
1072 1825 1160 1860 143:
1192 1823 1204 1837 '⁴
1226 1826 1356 1859 nubere
1382 1825 1527 1859 veteres
1551 1835 1627 1859 non
1652 1835 1706 1859 so-

230 1889 310 1923 lum
346 1888 533 1930 mulieres,
572 1888 636 1922 sed
671 1887 784 1921 etiam
813 1886 909 1920 viros
936 1885 1121 1923 dicebant,
1149 1885 1192 1918 ut
1215 1895 1313 1918 nunc
1338 1882 1425 1917 Itali
1451 1882 1581 1917 dicunt
1601 1909 1615 1924 ‚,
1642 1880 1704 1923 (ri-

232 1947 344 1982 corda
367 1946 474 1980 l'ital.
504 1943 517 1958 ‘⁴
540 1945 730 1980 maritarsi
762 1973 775 1987 „
805 1945 910 1979 detto
937 1946 1011 1978 cosi
1042 1942 1128 1977 dell·
1143 1953 1252 1976 uomo
1279 1952 1383 1976 come
1419 1940 1520 1975 della
1555 1938 1704 1980 donna).

232 2021 278 2028 -—
310 2006 536 2048 Sacbphanta
568 2017 613 2029 =
640 2002 891 2043 συκοφάντης.
922 2001 1105 2036 Abbiamo
1132 2000 1347 2043 adoperato.
1372 2000 1479 2033 tanto
1505 1998 1607 2032 nella
1631 1999 1703 2032 tra-

233 2062 410 2097 scrizione
435 2062 472 2096 di
499 2063 630 2105 questa
647 2060 777 2104 parola
803 2061 943 2103 quanto
970 2059 1158 2093 dell'aitra
1177 2058 1361 2098 Lusiteles,
1387 2056 1415 2090 il
1441 2067 1554 2100 segne
1581 2055 1704 2096 dell'u,

233 2121 367 2165 perche
393 2120 621 2155 all'alfabeto
647 2118 765 2153 latino
792 2118 936 2152 arcaico
964 2128 1144 2151 manc-ava
1160 2127 1234 2150 11118
1251 2115 1398 2157 lettera,
1417 2114 1484 2149 che
1503 2113 1705 2158 corrispon-

234 2179 338 2213 desse
364 2178 643 2222 propriamente
670 2175 766 2211 811’Υ
791 2187 899 2220 greco
927 2175 1002 2213 (cfr.
1023 2174 1109 2215 Cic„
1135 2176 1239 2216 orat„
1256 2173 1312 2214 48,
1334 2173 1400 2207 160
1416 2184 1478 2206 nec
1495 2174 1588 2206 enim
1601 2183 1704 2215 qrae-

234 2248 310 2270 cam
334 2238 490 2271 litteram
515 2233 690 2279 [antiqui]
716 2234 950 2275 adhibebant).
977 2233 1045 2267 Del
1064 2234 1163 2267 resto
1180 2231 1208 2265 il
1224 2229 1469 2274 grammatico
1488 2228 1704 2265 Cassiodoro

233 2295 322 2335 (VII,
351 2295 428 2336 153,
456 2295 496 2329 11
525 2292 593 2335 K),
623 2293 809 2328 riferendo
835 2304 909 2327 una
935 2290 1222 2326 testimonianza
1246 2289 1284 2324 di
1310 2289 1438 2323 Anneo
1469 2287 1643 2330 Cornuto,
1668 2285 1702 2322 oi

235 2355 384 2387 avverte
410 2354 704 2396 espressamente
731 2351 797 2386 che
822 2350 876 2394 gli
903 2349 1044 2385 antichi
1070 2348 1284 2383 scrivevano
1310 2348 1466 2388 Suriam,
1493 2346 1704 2386 Suracusas,

234 2412 439 2450 sumbolum,
476 2413 724 2455 sucophantas,
753 2409 883 2444 invece
910 2408 947 2442 di
973 2407 1131 2452 Syriam,
1165 2406 1375 2450 Syracusas,
1401 2403 1622 2447 symbolum,
1647 2414 1705 2446 sy-

235 2469 450 2514 cophantas.

838 2579 1104 2586 -——--——
