1818 2973
1431 60 1481 68 ...ο-

230 117 275 152 46
821 128 860 152 Μ.
885 126 966 152 Αοσι
988 125 1121 152 ΡιΑυτι

335 210 417 249 Pro
443 204 612 260 ingenio
639 218 717 259 ego
746 218 811 247 me
839 202 1019 248 liberum
1047 218 1140 266 esse
1166 206 1287 248 ratus
1305 219 1410 256 sum,
1431 219 1508 259 pro
1526 206 1704 260 imperi6

1628 285 1702 323 tuo

336 356 476 399 Meum
504 358 690 398 animum
719 357 793 397 tibi
821 355 1068 397 seruitutem
1097 354 1261 397 seruire
1288 368 1464 408 aequom
1493 356 1650 399 (sensui.

231 437 307 474 ΡΗ.
335 429 413 482 Qui
441 433 565 473 homo
593 444 688 473 cum
717 432 856 472 animo
891 432 987 472 inde
1014 430 1066 472 zib
1095 432 1268 473 ineunte
1307 431 1446 474 aetete
1488 432 1703 484 depugnat

1483 519 1570 556 suo,
1624 510 1703 548 305

336 568 485 623 Vtrum
515 582 628 623 itane
668 594 759 622 esse
800 580 974 623 msuelit
1002 585 1048 622 ut
1076 593 1173 623 eum
1201 581 1368 623 {mimus
1405 594 1583 634 aequom
1612 580 1704 624 cen-

1483 659 1586 703 seat,
1643 685 1677 708 ,5

335 715 398 770 Ᾰι]
428 731 487 770 ita
516 730 651 781 potius
678 726 727 769 ὑὶ
755 731 950 780 parentes
978 727 1076 770 eum
1104 741 1195 771 esse
1223 732 1265 770 et
1292 725 1457 782 cognati
1488 731 1640 771 uelint:

336 806 378 846 Si
404 804 571 847 &nimus
600 805 811 846 hominem
855 799 1026 856 pepulit,
1056 808 1251 853 actumst,
1279 804 1420 846 &nimo
1445 807 1590 853 seruit,
1619 805 1702 846 ndu

1607 881 1701 920 sibi:

336 957 376 996 Si
406 952 493 1006 ipse
521 956 706 995 animum
740 950 906 1005 pepulit,
928 955 1026 994 dum
1042 955 1159 1001 uiuit,
1182 951 1320 995 uictor
1340 952 1548 995 uictom'lm
1577 957 1702 996 cluet.

336 1028 398 1071 Τὺ
427 1032 459 1070 si
488 1032 676 1071 animum
706 1026 843 1070 uicisti
872 1030 1011 1081 potius
1051 1041 1177 1080 quam
1217 1028 1384 1070 {mimus
1414 1033 1465 1078 te,
1495 1032 1559 1071 est
1594 1032 1702 1081 quod

1374 1102 1570 1157 gafideas.
1625 1108 1704 1145 310

337 1178 473 1222 Nimio
492 1183 651 1228 satiust,
664 1177 710 1221 fit
732 1183 864 1232 opust,
879 1183 920 1220 te
936 1180 992 1221 ita
1005 1179 1107 1228 esse,
1124 1192 1248 1231 quam
1271 1183 1317 1220 ut
1334 1179 1474 1222 &nimo
1493 1182 1618 1221 lubet.
1645 1211 1677 1234 so

336 1259 412 1306 Qui
442 1256 626 1298 §mimum
659 1257 848 1303 uincunt,
892 1254 1016 1306 quhm
1057 1267 1159 1306 quos
1200 1255 1375 1303 animus,
1418 1253 1584 1306 semper
1612 1267 1705 1307 pro-

463 1320 466 1323 *
1330 1327 1467 1370 biores
1495 1331 1650 1371 cluent.

232 1412 310 1451 Lv.
339 1393 475 1449 I‘staec
503 1419 579 1460 ego
608 1408 710 1448 mihi
740 1404 905 1458 semper
933 1407 1060 1447 habui
1080 1405 1207 1447 aetati
1229 1401 1560 1457 integumentfim
1587 1416 1705 1446 meae

231 1559 326 1589 scent
351 1553 429 1589 285.
460 1573 496 1578 —
575 1551 669 1585 303.
691 1563 762 1595 pro
779 1553 921 1595 ingenio
950 1548 963 1563 “
981 1562 1047 1594 per
1064 1551 1142 1585 mia
1157 1549 1328 1585 naturale
1346 1549 1591 1594 disposizione
1614 1575 1642 1592 ,,.
1659 1569 1704 1575 -

231 1613 422 1656 imperium
459 1612 477 1646 e
513 1622 587 1644 una
624 1609 857 1654 espressione
892 1608 1068 1653 generica
1092 1609 1157 1652 qui
1183 1608 1387 1651 adoperata
1423 1607 1485 1642 nel
1522 1618 1629 1642 senso
1666 1606 1704 1641 di

225 1672 356 1714 patria
374 1675 542 1714 potestas,
572 1667 585 1681 '⁴
603 1669 642 1703 in
669 1668 977 1712 corrispondenza
1001 1667 1101 1702 della.
1124 1669 1191 1702 tua
1215 1666 1379 1701 autorit‘a
1396 1689 1426 1708 ,,.
1463 1685 1508 1690 -—
1546 1667 1705 1699 animum

235 1725 250 1741 ⁴⁶
267 1728 523 1765 inclinazione‚
549 1728 774 1769 temlenm„
801 1744 844 1748 —
942 1725 1038 1759 305.
1065 1727 1125 1769 qui
1149 1739 1194 1751 =
1219 1727 1252 1758 si
1277 1726 1366 1768 quis,
1401 1724 1464 1758 cfr.
1495 1735 1528 1758 v.
1555 1723 1634 1758 308.
1661 1743 1703 1747 —

234 1785 329 1821 306.
342 1793 608 1820 utrum-newa
625 1786 826 1820 s'incontra
850 1796 926 1819 non
951 1785 1161 1818 raramente
1185 1783 1224 1816 in
1242 1782 1394 1822 Plaut0;
1422 1781 1485 1817 cfr.
1504 1781 1609 1826 Capt.
1625 1780 1705 1822 268,

233 1846 340 1880 Most.
368 1845 446 1885 681,
474 1844 587 1878 Stich.
615 1844 693 1885 703,
721 1842 853 1877 Bacch.
883 1843 936 1884 75,
965 1841 1032 1877 500
1060 1841 1192 1876 Pseud.
1209 1841 1289 1884 709,
1307 1840 1385 1874 Mil.
1406 1840 1485 1880 345,
1503 1839 1595 1873 Rud.
1628 1838 1706 1873 104.

232 1903 261 1938 Il
289 1916 331 1937 ne
356 1903 387 1937 si
412 1905 519 1937 trova
543 1913 689 1945 sempre
717 1903 872 1946 apposto
899 1900 935 1935 al
960 1899 1080 1944 primo
1111 1899 1277 1933 membro
1311 1897 1705 1940 dell’interrogazione

232 1962 472 2007 disgiuntiva.
499 1961 635 2003 Questo
662 1962 842 1996 eostrutto
869 1959 899 1993 si
925 1960 944 1993 e
971 1959 1090 1993 svolto
1111 1959 1157 1992 da
1177 1957 1301 2002 quelle
1318 1957 1409 1992 frasi
1425 1957 1464 1991 in
1482 1956 1541 1991 cui
1558 1956 1705 1990 l'utrzcm

232 2031 458 2055 conservava
495 2031 629 2054 ancora
662 2019 689 2053 il
727 2029 792 2052 suo
832 2027 918 2051 vero
955 2016 1078 2050 valore
1113 2015 1150 2049 di
1179 2026 1369 2060 pronome.
1397 2035 1438 2039 —
1465 2015 1616 2054 mavelit,
1642 2013 1705 2047 cfr.

232 2078 369 2113 Introd.
397 2078 500 2121 Ca-pt.
527 2077 690 2111 XXXVI.
718 2097 759 2101 -
787 2088 874 2115 eum,
901 2077 986 2110 sott.
1013 2085 1094 2108 esse.
1125 2094 1161 2098 -—
1279 2072 1373 2106 308.
1394 2074 1534 2116 pepulit
1563 2069 1576 2084 ⁸
1596 2072 1632 2106 lo
1657 2071 1708 2105 ha

232 2135 348 2177 vinto,
373 2135 409 2171 lo
436 2136 485 2170 ha
509 2135 729 2179 sopraffatto
749 2160 777 2176 „,
804 2135 822 2168 e
850 2134 950 2168 detto
970 2132 1008 2166 in
1026 2132 1210 2167 relazione
1229 2131 1285 2166 col
1304 2133 1481 2174 clepuynat
1497 2129 1556 2165 del
1576 2141 1608 2164 ν.
1627 2129 1706 2164 305.

232 2211 277 2216 -
302 2198 462 2234 actumst,
489 2193 568 2228 scil.
595 2195 635 2227 de
661 2205 707 2233 eo,
739 2191 750 2204 “
770 2193 789 2227 e
816 2192 920 2226 finita
945 2202 1011 2235 per
1036 2190 1088 2224 lui
1107 2216 1135 2233 „.
1161 2210 1204 2214 —
1287 2189 1382 2223 309.
1400 2190 1483 2223 dum
1501 2190 1584 2222 vivit
1611 2185 1624 2199 '‘
1643 2187 1708 2221 du-

232 2254 339 2286 rante
356 2252 394 2286 la
412 2252 501 2293 vita,
518 2262 585 2295 per
602 2253 703 2286 tutta
720 2251 756 2285 la
774 2250 852 2284 vita
867 2277 896 2292 ,,.
913 2269 958 2274 -
976 2251 1069 2283 clueo
1094 2246 1220 2290 (κλύω)
1233 2261 1277 2274 =
1291 2249 1372 2282 bene
1397 2248 1524 2281 audire
1553 2243 1566 2257 “
1585 2256 1707 2280 essere

178 2358 181 2359 ⁷
232 2310 271 2345 in
298 2322 396 2352 voce,
423 2321 545 2345 essere
571 2310 758 2344 chiamato
778 2319 814 2352 „;
842 2308 905 2342 cfr.
924 2320 956 2342 v.
983 2307 1050 2342 620
1078 2318 1096 2341 e
1121 2307 1190 2341 496
1216 2307 1275 2340 ubi
1306 2310 1463 2340 mortuos
1487 2307 1549 2344 sis,
1574 2306 1627 2338 ita
1657 2305 1708 2337 sis

233 2375 271 2403 ut
295 2380 418 2403 nomen
444 2370 533 2402 cluet
546 2380 590 2394 =
607 2365 619 2380 “
638 2378 764 2409 suona,
792 2366 872 2401 dice
893 2394 905 2408 ,‚
916 2376 926 2408 ;
953 2367 1175 2400 stratioticus
1191 2365 1290 2398 homo
1307 2365 1368 2407 qui
1385 2365 1505 2397 cluear
1522 2362 1654 2397 Pseud.
1673 2361 1705 2402 4,

236 2428 266 2469 1,
295 2427 349 2461 12.
375 2444 418 2448 -
445 2429 554 2461 victor
579 2428 749 2460 victorum
775 2424 955 2459 richiama
981 2424 1008 2458 il
1033 2435 1098 2458 rex
1123 2434 1245 2465 reyum
1269 2421 1329 2456 dei
1355 2421 1460 2465 Capt.
1486 2421 1519 2461 4,
1537 2420 1570 2462 2,
1587 2420 1643 2454 45.
1664 2436 1706 2441 -

237 2483 366 2519 311-2.
393 2483 522 2526 Questi
547 2485 617 2519 due
645 2483 742 2518 versi
768 2494 835 2519 son
860 2480 1086 2518 considerati
1112 2480 1174 2515 dal
1200 2479 1343 2515 Ritsehl
1369 2490 1388 2514 e
1415 2478 1515 2513 dallo
1545 2477 1708 2521 Spengel

235 2555 339 2579 come
356 2555 403 2577 un
431 2543 617 2586 glossema
643 2542 702 2577 dei
728 2542 798 2577 due
825 2541 921 2576 versi
940 2541 1006 2576 che
1023 2539 1243 2585 precedono.
1263 2538 1379 2574 Costr.
1401 2542 1450 2572 est
1467 2538 1577 2571 nimio
1594 2538 1709 2570 satius

233 2607 265 2638 te
289 2603 342 2636 ila
367 2613 440 2636 esse
467 2606 502 2635 ut
526 2613 615 2645 opus
640 2607 689 2635 est
714 2612 818 2645 quam
844 2605 882 2634 ut
907 2611 940 2635 α.
965 2600 987 2633 l.
1014 2617 1059 2624 —
1157 2596 1243 2631 313.
1269 2599 1377 2631 istaec
1409 2592 1423 2608 ‘⁴
1442 2594 1566 2639 questi
1592 2593 1708 2629 vostri
