1818 2973
223 125 269 160 68
816 136 855 161 Μ.
879 135 960 160 Acci
985 135 1117 161 PLAun

224 219 300 257 ΡΗ.
328 218 431 257 Rem
460 214 661 257 fabulare.
717 217 785 256 ST.
814 214 906 256 Non
934 215 1009 256 tibi
1038 214 1176 257 dicem
1206 217 1327 258 dolo:
1621 221 1701 260 480

328 288 536 333 Decedam
565 302 642 342 ego
670 290 731 330 illi
760 288 811 330 de
839 291 921 338 uia,
952 291 1004 332 de
1031 290 1193 340 semita,

331 369 389 407 De
417 365 577 407 honore
607 365 770 416 populi:
798 364 949 406 uerum
977 366 1086 417 quod
1114 367 1166 407 ad
1195 369 1389 409 uentrem
1417 367 1580 419 ettinet,

328 443 419 482 Non
450 439 597 482 hercle
626 441 708 481 hoo
736 441 869 492 longe,
899 436 978 481 nisi
1007 453 1074 483 me
1104 442 1253 493 pugnis
1272 438 1438 484 uicerit.

330 519 441 556 Cena
471 514 553 556 11ἑο
581 519 787 556 annonast
816 513 906 557 sine
933 517 1066 557 sacris
1094 517 1322 558 hereditas,

225 595 301 633 ΡΗ.
329 589 504 642 Semper
533 594 577 630 tu
606 591 687 632 hoc
713 592 850 639 facito,
873 592 1107 640 Lesbonice,
1129 592 1300 644 cogites,
1623 597 1703 636 485

329 669 373 707 Id
401 661 618 718 &ptumum
647 678 749 715 esse,
780 664 869 708 tute
900 669 959 708 uti
988 669 1044 709 sis
1071 667 1291 720 optumus:

1641 701 1676 724 85

225 813 396 853 cernitur,
423 811 583 853 κρίνεται
612 809 626 824 ¹⁶
641 811 672 846 si
697 812 803 854 lotta,
831 811 862 847 si
888 812 1032 848 discute
1047 840 1075 855 „.
1102 813 1154 848 La.
1179 813 1259 849 sola
1283 813 1506 850 distinzione
1531 826 1554 850 a.
1578 815 1658 851 fare
1682 817 1703 852 e

224 872 284 905 tra,
308 870 346 905 la
369 871 476 914 parsse
510 870 577 905 che
615 872 742 915 spebta
766 870 844 914 agli
869 870 929 905 dei
955 882 975 906 e
1001 871 1128 914 quella.
1163 872 1231 906 che
1262 874 1387 916 spetta
1423 873 1499 917 agli
1536 873 1704 909 nomini:

225 939 335 971 sopra
361 927 399 962 di
425 929 558 971 questa
582 928 706 963 hanno
732 928 823 963 tutu
858 927 969 972 egual
995 928 1137 964 diritto.
1167 946 1204 951 -—
1318 929 1414 964 480.
1439 942 1515 965 rem
1537 932 1706 974 fabulare

229 981 243 996 ¹⁴
265 985 306 1018 tu
343 983 406 1018 hai
442 983 694 1019 interamenbe
733 984 886 1028 ragione
908 994 943 1027 „3
981 984 1044 1019 cfr.
1071 983 1180 1029 Epid.
1210 985 1242 1026 2,
1273 985 1306 1027 2,
1338 985 1405 1020 100
1443 997 1518 1020 rem
1554 987 1705 1031 loquere,

225 1042 323 1076 Men.
349 1041 382 1083 5,
409 1042 440 1083 9,
476 1042 516 1076 11
551 1043 614 1076 hoo
649 1040 782 1082 (andis)
819 1043 910 1086 quod
946 1054 1006 1077 res
1042 1048 1103 1085 est,
1133 1043 1235 1078 Pers.
1263 1043 1293 1087 1,
1319 1043 1351 1086 3,
1379 1044 1422 1078 13
1447 1056 1521 1078 rem
1547 1045 1708 1089 loquitur

225 1110 419 1133 meram:
435 1097 448 1111 '⁴
467 1110 605 1144 espone
630 1099 658 1134 il
683 1099 790 1142 fatto,
817 1099 874 1135 cio
908 1100 976 1135 ohe
1011 1101 1030 1135 e
1062 1100 1100 1134 la
1125 1112 1220 1145 pura
1245 1100 1366 1137 verita
1388 1128 1415 1145 „.
1445 1119 1481 1124 —
1511 1113 1582 1136 non
1614 1104 1705 1146 dolo,

226 1157 290 1192 cfr.
314 1169 351 1192 11.
378 1157 433 1193 90.
463 1177 500 1183 -
530 1159 604 1200 tibi,
632 1158 694 1193 cfr.
719 1158 799 1200 889,
827 1158 905 1192 992.
931 1175 976 1180 -
1061 1158 1148 1193 481.
1184 1161 1243 1194 via
1276 1159 1403 1195 indica
1433 1159 1471 1195 la
1501 1161 1628 1196 strada
1665 1160 1704 1195 in

224 1215 412 1260 generale,
438 1218 563 1250 semita
587 1216 601 1251 i
626 1216 777 1251 laterali
801 1216 903 1251 della
927 1217 1055 1252 strada
1080 1229 1122 1252 su
1148 1217 1208 1252 cui
1234 1217 1469 1254 camminano
1495 1219 1618 1254 coloro
1637 1218 1705 1254 ohe

226 1284 348 1309 vanno
375 1285 396 1309 a,
421 1274 534 1319 piedi.
564 1273 637 1309 Era
666 1275 802 1309 dovere
837 1274 939 1318 degli
976 1275 1119 1310 sehiavi
1153 1275 1191 1310 di
1224 1276 1281 1310 far
1313 1276 1419 1321 largo
1453 1276 1530 1320 agli
1561 1276 1706 1313 uomini

225 1332 347 1374 liberi,
374 1333 522 1376 quando
547 1333 587 1367 in
612 1333 691 1367 loro
718 1332 1008 1368 s'imbattevano
1036 1333 1139 1368 nella
1169 1333 1308 1375 strada,
1327 1334 1390 1368 cfr.
1410 1333 1514 1369 Cure.
1532 1334 1599 1371 287
1619 1335 1706 1378 quin

226 1392 341 1434 capite
365 1393 469 1425 sistat
493 1393 533 1425 in
558 1393 617 1425 via
642 1393 683 1425 de
708 1393 845 1425 semita.
873 1408 913 1413 —
1013 1390 1109 1424 482.
1136 1393 1177 1425 de
1202 1393 1333 1426 honore
1354 1393 1483 1436 populi
1510 1389 1598 1427 “nei
1615 1392 1706 1437 pub-

226 1448 316 1484 blici
340 1449 442 1484 uffici
460 1461 494 1491 „1
520 1448 551 1484 si
577 1449 659 1484 noti
685 1449 840 1483 l'umore
868 1449 934 1484 che
961 1449 995 1484 ci
1020 1451 1041 1484 e
1066 1449 1105 1483 in
1132 1452 1263 1493 queste
1300 1450 1441 1494 parole,
1471 1450 1538 1485 che
1571 1450 1706 1486 Plauto

226 1517 323 1550 pone
361 1506 401 1540 in
437 1507 552 1541 bocca
584 1507 694 1541 d'uno
733 1507 895 1542 schiavo.
932 1522 978 1527 —
1074 1506 1170 1542 483.
1197 1519 1280 1551 non,
1307 1508 1370 1542 cfr.
1396 1521 1432 1543 n.
1457 1508 1539 1544 409.
1564 1528 1610 1534 —-
1634 1520 1707 1543 non

226 1565 341 1598 hercle
365 1566 428 1599 hoc
453 1567 552 1608 lonye
580 1562 593 1577 ¹⁴
615 1576 689 1600 non
722 1565 777 1608 gli
811 1566 943 1600 cedero
976 1576 1175 1600 nemmeno
1209 1565 1296 1600 d'un
1330 1567 1435 1601 tanbo
1454 1593 1482 1608 „,
1512 1565 1595 1601 dice
1627 1566 1707 1601 Sta-

227 1622 332 1665 sim0‚
359 1623 687 1667 accompagnanclo
713 1623 972 1668 l'espressione
999 1635 1067 1658 con
1093 1635 1142 1657 un
1167 1626 1297 1667 gesto;
1331 1624 1394 1659 cfr.
1420 1625 1530 1659 Most.
1555 1623 1634 1659 393.
1660 1643 1706 1648 —

228 1680 324 1715 484.
350 1683 416 1715 hac
441 1694 586 1716 annona
615 1679 627 1693 ⁴⁴
644 1693 712 1717 con
738 1684 872 1726 quesba
897 1682 1055 1716 carestia
1074 1708 1103 1724 „,
1129 1682 1193 1716 cfr.
1220 1681 1298 1716 Mil.
1325 1682 1389 1716 321
1418 1687 1489 1716 tam
1508 1683 1572 1715 vili
1588 1683 1708 1716 tritico

231 1737 245 1752 ⁴‘
264 1740 320 1774 col
347 1739 533 1775 frumento
549 1742 655 1775 tanto
674 1751 797 1774 scarso
815 1752 834 1775 o
854 1751 939 1775 caro
957 1767 986 1782 „.
1012 1760 1056 1764 —
1082 1743 1159 1774 sine
1183 1742 1300 1774 sacris
1324 1741 1505 1774 hereditas
1532 1736 1546 1752 ⁴⁶
1565 1739 1709 1774 eredita

229 1808 338 1832 senza
362 1798 456 1842 pesi,
480 1809 589 1833 senza
614 1798 731 1842 legati
750 1825 778 1840 „.
805 1797 878 1832 Era
904 1800 1038 1842 questa
1053 1798 1333 1832 naturalmente
1359 1797 1396 1832 la
1422 1797 1592 1842 migliore
1611 1796 1709 1832 delle

230 1856 384 1897 eredita,
411 1857 547 1899 perche
579 1857 728 1900 quando
767 1856 796 1890 11
833 1858 1013 1891 testatore
1041 1855 1243 1899 obbligava
1267 1856 1295 1890 il
1321 1867 1386 1890 suo
1413 1855 1522 1890 erede
1548 1866 1570 1890 a
1594 1854 1709 1899 prati-

230 1926 314 1950 care
340 1926 359 1948 e
386 1926 408 1949 a
433 1926 651 1949 conservare
677 1915 769 1950 tutti
795 1914 808 1948 i
833 1927 940 1949 sacra
968 1916 1157 1948 do»2est1'ca
1191 1926 1210 1949 ο
1241 1916 1435 1957 ρεηίὶῑὶοἱα,
1460 1913 1484 1948 Γ
1499 1913 1645 1948 eredita
1670 1912 1708 1947 di

231 1983 484 2016 conseguenza
510 1973 643 2007 veniva
669 1973 716 2007 ad
754 1984 854 2007 esser
887 1983 995 2006 meno
1034 1972 1185 2015 pingue.
1219 1971 1357 2013 Quesbo
1391 1973 1510 2006 motto
1549 1970 1709 2005 divenne

229 2030 465 2074 proverbiale
490 2030 530 2064 in
554 2030 672 2065 Roma
698 2042 717 2065 e
744 2032 841 2064 servi
867 2041 889 2064 a
913 2029 1079 2064 indicare
1105 2041 1154 2063 un
1174 2029 1378 2073 vantaggio
1403 2030 1575 2064 ottenuto
1601 2039 1710 2063 senza

231 2099 393 2123 nessuna.
422 2089 548 2131 fatica,
582 2100 655 2122 una
685 2089 835 2123 fortuna
863 2088 1117 2131 inaspettata;
1153 2087 1216 2121 cfr.
1251 2087 1356 2131 Capta.
1389 2087 1423 2129 4,
1451 2088 1482 2129 1,
1507 2086 1529 2121 8
1555 2097 1574 2121 e
1600 2086 1715 2121 Festo

232 2158 267 2190 p.
294 2146 383 2181 290:
413 2144 426 2158 ‘⁶
444 2149 521 2181 sine
545 2149 662 2180 sacris
686 2148 865 2180 hereditas
901 2146 940 2179 in
978 2145 1177 2188 proverbio
1216 2145 1291 2180 dici
1323 2145 1430 2187 solet,
1457 2155 1540 2179 oum
1566 2143 1710 2188 aliquid

233 2203 245 2216 '⁶
269 2205 465 2239 obvenerib
490 2205 569 2240 sine
596 2204 675 2239 ulla
703 2204 930 2239 incommodi
964 2204 1195 2248 appendice;
1231 2203 1330 2247 quod
1368 2203 1459 2238 olim
1496 2213 1603 2238 sacra.
1635 2213 1711 2237 non

234 2259 247 2274 ⁴‘
269 2263 389 2298 solum
408 2262 559 2307 publica
577 2261 826 2298 curiosissime
857 2262 1187 2304 administrabant,
1202 2262 1267 2296 sed
1293 2261 1409 2296 etiam
1428 2261 1588 2304 privata,
1605 2259 1711 2295 relio-

237 2318 250 2333 “
272 2323 406 2365 tusque
431 2322 538 2357 heres
565 2321 661 2356 sicut
686 2320 868 2365 pecuniae
895 2320 1010 2355 etiam
1038 2332 1225 2355 sacrorum
1251 2322 1344 2361 erem,
1369 2321 1412 2354 ub
1437 2330 1481 2354 ea
1505 2318 1714 2363 diligentis-

238 2376 250 2390 “
273 2379 366 2414 sime
393 2380 655 2415 administrare
689 2381 787 2414 esset
819 2379 1072 2414 necessarium
1095 2405 1123 2421 „.
1156 2395 1202 2401 —
1256 2377 1351 2412 485.
1378 2379 1504 2421 coyites
1529 2390 1575 2404 =
1599 2381 1638 2411 ut
1662 2388 1713 2412 co-

232 2440 331 2482 qites.
357 2457 401 2463 —
498 2438 594 2472 486.
621 2440 674 2473 uti
700 2438 795 2482 dopo
822 2443 1004 2481 optumum
1029 2442 1079 2471 est
1105 2448 1123 2472 e
1151 2438 1277 2471 melius
1301 2440 1351 2470 est
1377 2435 1579 2471 s'ineontra
1596 2435 1714 2470 anche

235 2496 379 2532 altrove
404 2495 444 2530 in
470 2497 614 2538 Plauto,
642 2497 688 2531 ed
713 2498 732 2532 e
767 2495 944 2532 richiesto
972 2495 1034 2530 dal
1060 2496 1232 2530 concetto
1259 2494 1296 2529 di
1320 2496 1439 2537 facere
1464 2505 1484 2528 o
1510 2504 1601 2538 pure
1623 2495 1717 2537 fieri,

235 2555 302 2590 che
329 2556 348 2590 e
374 2556 577 2590 contenuto
605 2566 671 2599 per
695 2555 732 2590 lo
758 2554 823 2599 piu
849 2554 888 2588 in
915 2556 1046 2598 queste
1072 2554 1143 2588 due
1172 2552 1417 2597 espressioni;
1446 2551 1510 2586 cfr.
1528 2551 1611 2587 Aul.
1632 2552 1665 2595 3,
1682 2552 1716 2594 6,

236 2613 283 2649 46
309 2624 404 2648 nuno
428 2613 491 2647 hoc
517 2614 606 2647 mihi
627 2614 797 2656 factumst
823 2618 1003 2656 optumum
1029 2616 1067 2646 ut
1092 2613 1148 2646 ted
1173 2613 1350 2655 auferam.
1375 2610 1467 2644 Rud.
1497 2610 1526 2652 l,
1542 2609 1611 2652 4,1
1631 2611 1717 2653 quid
