1818 2973
831 105 944 132 mnxcx
1558 94 1625 132 149

152 191 268 225 i=ei
292 189 348 225 17.
920 193 1032 224 metus
1056 188 1160 225 1009.

153 238 227 271 i=
252 248 305 279 us,
331 236 407 272 des.
439 236 500 272 del
524 248 609 281 gen.
634 236 729 282 sing.
755 235 794 271 di
818 237 857 273 4·
921 247 1034 271 meum
1057 241 1110 271 est
1131 235 1212 272 445.

200 283 306 325 decl„
319 283 400 319 250.
919 285 1080 325 miyrare
1103 284 1220 327 officio
1244 281 1325 318 639.

153 331 193 364 id
209 330 402 366 collettivo
427 330 508 367 405.
920 330 1009 364 mihi
1033 330 1113 364 761.

153 377 247 411 idem
270 377 327 412 54.
919 377 1016 411 mille
1038 376 1118 411 425.

153 425 268 467 iqitur
292 424 372 459 676.
919 424 1122 456 mirimodis
1145 422 1225 457 931.

153 471 235 505 ilico
260 470 340 506 608.
919 471 1053 502 mirum
1078 470 1128 502 mi
1151 470 1232 504 495.

152 518 237 551 illae
259 518 363 551 illaec
387 516 420 551 3.
919 517 1127 549 miszmei
1151 515 1232 551 822.

152 564 213 598 ille
238 563 319 604 328,
343 565 404 598 ille
427 563 504 598 illic
529 563 610 600 998.
920 573 1034 597 mores
1060 561 1162 597 1037.

153 611 353 645 illi==illic
378 622 459 645 avv.
485 611 565 646 530.
918 619 1042 643 moror
1067 608 1147 643 297.

153 657 571 692 immoenis=immunis
595 657 653 692 24.
918 666 1041 690 morus
1066 655 1148 691 669.

153 705 193 738 in
218 715 293 738 rem
316 703 396 740 238.

152 752 385 785 inconciliare
411 750 488 786 136.
917 761 961 783 ne
984 759 1060 783 non
1083 761 1151 783 nae
1173 748 1373 793 particella
1390 749 1626 787 affermativa

151 797 360 833 Indicativo
385 797 426 832 in
449 797 560 841 luogo
579 796 641 832 del
674 795 850 840 congiun·
966 796 1045 831 634.

202 843 282 879 tivo
310 844 388 878 163.
918 855 961 878 ne
984 841 1184 887 particella
1200 842 1475 888 interrogativa
1491 845 1560 880 che
1577 857 1626 881 va.

153 892 327 934 indipisci
352 890 432 925 224.
963 889 1072 924 unita
1096 889 1173 924 alla
1197 890 1358 925 seconda
1373 891 1505 935 parola
1525 891 1643 930 della⁴

151 936 299 973 Infinito
324 937 364 972 in
388 937 499 981 luogo
525 937 688 972 dell‘acc.
715 935 855 972 coll'in-
964 936 1221 980 proposizione
1248 937 1327 979 178,
1352 938 1432 981 375,
1458 939 1539 974 515.

200 984 304 1019 finito
330 984 363 1026 5,
388 984 468 1019 956.
921 1000 958 1006 —
1011 983 1214 1026 congiunta
1239 984 1296 1019 col
1319 996 1497 1029 pronome
1522 985 1626 1022 rela-

151 1030 300 1065 Infinibo
318 1032 492 1074 presente
517 1030 558 1065 in
581 1030 692 1074 luogo
710 1030 855 1066 dell'in-
965 1029 1043 1066 tivo
1069 1030 1149 1065 360.

199 1077 303 1113 fim'to
329 1077 453 1113 futuro
479 1078 511 1112 5.
917 1094 963 1100 —
1013 1088 1158 1116 omessa
1189 1077 1266 1119 127,
1294 1078 1373 1114 137.

151 1123 302 1160 Infinito
339 1124 542 1169 adoperato
576 1135 679 1160 come
709 1124 854 1169 apposi·
917 1126 1270 1159 necullus=nullus
1293 1125 1374 1160 282.

198 1170 303 1206 zione
329 1171 409 1207 809.
918 1173 1094 1214 neyotium
1119 1173 1281 1215 reperire
1299 1172 1378 1208 389.

150 1217 301 1253 Infinito
327 1218 422 1262 dopo
447 1223 498 1253 est
522 1219 639 1252 lubido
665 1217 743 1260 626,
759 1218 854 1262 dopo
918 1229 1040 1261 nempe
1058 1218 1136 1252 196.

196 1263 250 1308 gli
276 1264 459 1308 aggettivi
486 1265 541 1300 76.
918 1276 1026 1308 neque
1050 1266 1135 1299 adeo
1162 1264 1240 1299 181.

150 1310 300 1346 Infinito
326 1311 366 1345 in
390 1311 501 1355 luogo
520 1310 581 1347 del
600 1311 732 1356 supino
751 1311 853 1348 1015.
918 1312 1154 1355 nequidquam
1177 1311 1260 1347 440.

150 1359 305 1392 insciens
331 1358 410 1393 167.
918 1360 1034 1392 nescio
1059 1360 1144 1402 quid
1168 1358 1249 1394 623.

150 1405 346 1439 interduim
370 1403 449 1439 994.
919 1417 987 1439 neu
1014 1405 1092 1440 755.

149 1452 245 1485 intui
270 1451 348 1487 708.
918 1463 961 1486 ne
985 1463 1151 1496 umquam
1175 1451 1255 1487 282.

149 1499 367 1541 ipsissumus
392 1496 472 1534 988.
919 1510 961 1533 ne
985 1501 1144 1543 utiquam
1169 1498 1249 1534 282.

149 1545 183 1579 is
207 1543 287 1579 328.
919 1548 1015 1580 nevis
1038 1547 1151 1580 nevolt
1177 1547 1281 1582 1156.

147 1592 202 1625 ita
225 1590 561 1634 respondentis
585 1592 666 1627 375.
917 1593 1010 1626 nihil
1034 1604 1156 1627 moror
1181 1593 1261 1629 297.

149 1639 202 1672 ita
224 1649 298 1672 esse
321 1637 378 1673 46.
918 1641 993 1673 nisi
1016 1639 1095 1681 233,
1124 1639 1225 1676 1032.

148 1685 202 1718 ita
225 1696 279 1718 me
302 1685 341 1718 di
364 1689 480 1719 ament
503 1684 584 1720 447.
918 1688 992 1720 nisi
1015 1688 1076 1730 qui
1104 1686 1184 1721 439.

148 1732 202 1765 ita
225 1735 265 1765 ut
287 1733 402 1776 occepi
425 1730 506 1767 897.
918 1735 992 1768 nisi
1016 1735 1100 1776 quia
1127 1733 1208 1769 338.

151 1779 258 1812 iuxta
284 1777 363 1813 197.
917 1782 992 1814 nisi
1015 1782 1048 1814 si
1072 1780 1153 1815 474.

916 1839 1041 1861 nomen
1058 1826 1138 1862 889.

147 1871 356 1905 latebricola
380 1869 460 1906 240.
916 1885 987 1908 non
1004 1874 1085 1915 409,
1110 1874 1191 1909 414.

147 1918 253 1959 latro,
278 1918 496 1952 latrocinari
520 1918 600 1954 599.
915 1932 1032 1955 nonne
1056 1920 1135 1955 789.

147 1965 271 1999 laudes
292 1969 478 2009 yratesque
502 1964 583 2001 821.
845 2001 848 2004 ,
915 1969 1027 2001 noxia
1052 1967 1108 2002 23.

147 2011 255 2045 lectus
279 2011 358 2046 651.
914 2015 1048 2048 nudius
1066 2014 1145 2049 727.

147 2058 232 2091 levis
258 2057 359 2092 1161.
914 2072 1028 2103 nuyae
1052 2073 1190 2104 nauyae
1213 2073 1323 2105 noyae
1347 2061 1427 2098 396.

147 2104 227 2138 licet
251 2103 331 2138 372.
915 2109 1036 2142 nullus
1060 2109 1198 2142 nullum
1223 2109 1303 2144 606.

146 2151 300 2194 liquitur
323 2149 402 2185 243.
914 2166 1079 2189 nummus
1104 2155 1183 2189 844.

914 2213 1079 2236 nummus
1100 2203 1285 2245 plumbeus
1309 2202 1390 2237 962.

145 2244 242 2277 mala
265 2255 325 2277 res
350 2242 452 2279 1045.
914 2250 1086 2292 numquid
1110 2251 1163 2283 vis
1190 2249 1268 2284 192.

144 2291 236 2325 male
259 2292 376 2325 dicere
401 2291 457 2326 99.
912 2297 1082 2329 nunciam
1107 2296 1139 2330 3.

145 2337 280 2371 malum
306 2337 384 2379 122,
412 2337 514 2374 1045.

144 2385 334 2418 meditatus
358 2383 439 2420 817.
913 2399 932 2422 o
958 2398 1024 2432 per
1049 2400 1071 2423 u
1097 2388 1178 2424 314.

143 2431 270 2464 melius
294 2435 344 2464 est
366 2436 406 2465 ut
428 2431 509 2468 486.
913 2436 1119 2479 obiuriqare
1144 2435 1199 2471 68.

143 2477 290 2512 mentiri
315 2476 395 2512 362.
913 2483 1070 2517 οὸὶίτῖεοι·
1096 2482 1256 2517 coll'acc.
1285 2482 1388 2519 1018.

142 2535 287 2558 messem
310 2525 450 2558 messim
475 2524 532 2560 33.
912 2529 1077 2572 obrepere
1103 2528 1263 2564 coll'acc.
1289 2530 1345 2566 61.

141 2569 320 2606 Metatesi
345 2570 383 2605 di
410 2572 528 2607 vocali
552 2572 633 2608 425.
911 2586 1044 2609 oe=u
1069 2575 1125 2611 24.
