1818 2973
608 107 828 133 ‘rvammvs
852 108 889 138 11,
911 97 944 138 2,
968 95 1127 130 84-100
1552 95 1598 130 55

124 195 198 234 Lv.
227 189 353 232 Sdror
384 191 484 230 illist
512 179 654 230 adiilta
684 189 806 240 uirgo
835 186 1026 239 gre'mdis:
1055 198 1148 226 eam
1177 184 1311 237 cupid,
1344 189 1477 236 pater,

229 264 390 308 Dficere
419 265 595 307 uxorem
624 266 714 306 sine
742 265 848 304 dote.
974 266 1052 303 PH.
1081 257 1178 302 Sine
1207 263 1302 302 dote
1331 262 1597 303 uxoremne?

1284 339 1464 385 Lv.1ta‚
1519 339 1598 376 375

230 416 318 458 Tuzi
340 428 388 458 re
403 418 540 457 salua:
561 416 641 456 hoc
656 414 777 466 pecto
796 415 847 454 ab
868 414 939 454 illo
953 409 1159 453 sfimmam
1177 413 1300 453 inibis
1318 411 1511 463 gretiam,
1538 442 1573 464 95

228 492 372 542 Neque
401 486 655 532 commodius
684 487 770 529 1'1110
800 491 921 539 pacto
951 489 988 528 ei
1018 487 1174 538 pdteris
1201 486 1466 528 auxilierier.

126 571 199 607 PH.
219 560 358 618 Egone
377 564 605 606 indotatam
623 567 664 605 tc
684 575 862 604 uxorem
884 566 930 603 ut
950 562 1157 614 panax-...2
1194 565 1272 604 LV.
1293 558 1596 608 Patiundsunst‚

1455 636 1598 684 pater:

231 706 282 753 Et
309 725 357 753 eo
387 714 508 763 pacto
535 706 747 750 addideris
776 713 944 750 nostrae
973 710 1154 761 lepidam
1185 710 1338 749 famam
1367 708 1564 750 feminae.

128 791 202 828 PH.
231 783 360 827 Msnta
390 798 467 838 ego
495 798 659 837 possum
691 783 810 826 ddcte
838 786 949 825 dicta
979 788 1021 825 et·
1049 783 1241 835 quemuis
1260 783 1438 825 facunde
1466 785 1599 835 loqui:

1522 861 1600 899 380

234 934 460 977 Historiam
492 940 679 977 ueterem
710 934 837 986 etque
865 936 1080 986 antiquam
1123 936 1230 977 haec
1271 933 1363 975 mea
1406 938 1601 975 senectus

1276 1003 1467 1048 sdstinet.
1524 1036 1573 1059 ,00

125 1188 352 1232 dipendente
378 1188 449 1226 (ille
462 1193 593 1231 ynatus
606 1186 677 1229 sit),
692 1187 793 1222 nella
817 1187 948 1231 lingua
963 1186 1149 1222 familiare
1168 1198 1270 1222 come
1289 1187 1405 1221 anche
1422 1186 1461 1220 in
1479 1197 1601 1230 greco,

124 1248 143 1280 e
169 1246 354 1280 chiamaho
381 1246 452 1280 ben
478 1257 603 1289 spesso
630 1256 651 1279 a
677 1246 734 1279 far
758 1247 866 1288 parte
898 1245 998 1279 della
1027 1245 1282 1288 proposizione
1321 1244 1528 1289 principale
1562 1244 1601 1278 in

126 1304 295 1338 funzione
333 1303 371 1338 di
409 1306 583 1347 oggetto,
622 1304 685 1338 cfr.
716 1303 816 1337 Pers.
843 1303 874 1344 3,
903 1304 933 1344 1,
960 1304 1005 1337 54
1031 1305 1234 1337 necessitate
1260 1315 1311 1336 me
1337 1304 1432 1336 mala
1457 1307 1495 1336 ut
1516 1303 1601 1344 fiam

125 1364 229 1404 facis,
255 1361 336 1396 Aul.
358 1362 422 1396 117
450 1364 609 1405 roqitant
646 1374 698 1395 me
731 1366 768 1395 ut
805 1363 950 1403 valeam,
989 1362 1069 1396 Ter.
1097 1361 1211 1395 Andr.
1240 1362 1272 1402 5,
1299 1362 1330 1402 6,
1361 1361 1402 1395 13
1429 1362 1603 1404 lonyumst

125 1421 228 1453 illum
252 1431 305 1454 me
322 1426 522 1462 eaespectare
539 1422 622 1454 dum
639 1424 747 1454 exeat.
766 1439 810 1444 -—
830 1421 993 1463 adprime
1007 1433 1051 1445 =
1064 1422 1103 1453 in
1123 1422 1270 1463 primis.
1299 1436 1339 1441 -
1391 1418 1486 1452 374.
1513 1419 1603 1452 illist

125 1479 239 1511 :illi
263 1482 323 1511 est.
351 1495 393 1499 -
422 1479 576 1520 yrandis
609 1480 707 1520 viryo
746 1488 809 1512 era
844 1477 1103 1521 l'espressione
1141 1488 1296 1512 comune
1334 1488 1400 1520 per
1435 1476 1600 1510 indicare

129 1532 142 1547 “
159 1546 312 1579 ragazza
338 1535 384 1569 da
410 1535 546 1570 marito
566 1549 599 1577 ,ε
626 1536 691 1579 qui
717 1537 735 1570 e
763 1536 944 1579 aggiunto
970 1547 1037 1579 per
1061 1535 1198 1579 meglio
1225 1535 1456 1579 specificarla
1484 1535 1600 1568 anche

125 1594 260 1627 adulta.
284 1610 331 1615 —
380 1592 476 1627 375.
502 1605 716 1627 uaeorenme:
744 1594 807 1628 cfr.
836 1593 913 1634 178,
941 1594 1019 1634 515,
1038 1594 1139 1627 Asin.
1160 1595 1191 1633 5,
1210 1594 1242 1633 2,
1262 1595 1316 1628 78.
1336 1593 1365 1627 Il
1384 1592 1601 1627 Fleckeisen

126 1661 146 1685 e
171 1651 199 1685 il
226 1650 399 1694 Wagner,
424 1662 492 1694 per
516 1651 743 1696 completam
768 1651 797 1685 il
823 1663 939 1692 verso,
966 1651 1096 1686 invecc
1134 1651 1233 1686 della
1266 1650 1464 1695 particella
1489 1650 1600 1685 inter-

126 1709 297 1753 rogativa
321 1721 364 1743 ne
389 1710 627 1754 aggiungono
665 1710 761 1754 dopo
798 1712 910 1745 dotem
947 1723 998 1744 un
1035 1716 1160 1751 autem,
1191 1710 1228 1744 di
1255 1710 1313 1758 0111
1340 1712 1429 1754 pert>
1461 1720 1537 1744 non
1570 1708 1601 1743 si

127 1768 231 1801 sente
255 1767 359 1801 ne-si
384 1767 514 1811 spiega
539 1767 566 1802 il
591 1768 759 1811 bisogno.
790 1788 825 1792 —
855 1771 918 1810 ita,
944 1771 1030 1803 sott.
1057 1774 1117 1809 est,
1147 1766 1160 1780 “
1182 1770 1212 1802 si
1232 1795 1259 1810 „.
1287 1788 1331 1792 —
1418 1766 1514 1802 376.
1539 1772 1602 1801 tua

125 1836 165 1860 re
187 1826 289 1859 salva
316 1821 456 1860 “senza
493 1825 626 1860 alcuno
664 1827 727 1860 tuo
765 1825 971 1869 incomodo,
1009 1838 1119 1861 senza
1152 1828 1215 1861 tue
1246 1837 1352 1870 spese
1371 1839 1404 1868 „;
1432 1825 1495 1860 cfr.
1521 1825 1602 1867 230,

128 1882 206 1916 272.
234 1899 278 1904 —
375 1882 470 1917 378.
497 1888 535 1916 ιιι
550 1886 686 1926 patiar,
705 1886 792 1919 sott.
811 1886 948 1918 ducere.
973 1904 1019 1908 —
1116 1884 1211 1918 379.
1238 1886 1392 1928 lepidus:
1419 1884 1602 1928 quesss‘ag·

124 1939 279 1982 gettin
296 1940 366 1975 che
383 1940 544 1974 divenne
562 1952 687 1984 presso
706 1941 718 1975 1
736 1941 894 1976 Romani
912 1942 1029 1976 anche
1047 1953 1239 1986 cognome,
1262 1942 1432 1985 significa
1460 1938 1473 1954 '¹
1491 1941 1602 1983 bello,

126 1999 280 2032 onorato
298 2025 326 2041 „.
353 2018 397 2022 —
494 1997 590 2033 380.
615 2001 711 2033 docte
736 2001 841 2040 dicta,
868 2000 924 2035 col
959 2000 1131 2044 palimps.
1165 2001 1347 2035 ambros.:
1385 1999 1447 2035 nei
1484 1998 1602 2034 codici

125 2055 286 2098 palatini
311 2055 342 2089 si
367 2055 474 2099 legge
512 2055 641 2091 invece
679 2059 795 2093 docta.
817 2059 923 2099 dieta,
956 2058 1252 2102 un’espressione
1290 2059 1356 2093 che
1392 2058 1603 2093 s'incontra

127 2113 243 2148 anche
278 2113 318 2147 in
349 2113 450 2148 Asin.
485 2114 517 2154 3,
554 2115 584 2155 1,
618 2115 662 2148 22
696 2126 714 2149 e
745 2115 785 2149 in
823 2115 919 2150 Men.
952 2116 984 2158 2,
1022 2117 1052 2158 1,
1078 2117 1145 2160 243
1179 2129 1241 2151 ma,
1266 2128 1287 2151 a.
1312 2117 1371 2151 noi
1400 2115 1602 2151 l'avverbio

126 2171 273 2206 sembra
298 2171 634 2207 necessariamente
652 2172 828 2208 riehiesto
846 2173 968 2208 dall'et
983 2176 1137 2214 facunde
1155 2175 1220 2209 che
1240 2186 1363 2219 segue.
1386 2192 1421 2196 —
1444 2176 1604 2217 quamvis

127 2230 147 2264 e
172 2229 375 2272 adoperato
409 2229 470 2264 nel
504 2241 612 2265 senso
647 2231 887 2274 etimologico
918 2232 954 2266 di
985 2230 998 2244 “
1017 2235 1158 2276 quanto
1186 2232 1270 2268 vuoi
1289 2260 1317 2275 „‚
1343 2232 1421 2267 cioe
1448 2237 1520 2266 tam
1548 2233 1602 2275 fa-

127 2288 237 2321 cunde
261 2299 366 2331 quam
390 2290 464 2330 vi33
491 2288 554 2322 cfr.
582 2289 648 2323 797
674 2292 834 2332 quamvis
858 2291 955 2332 lonyi
978 2302 1157 2324 sermones
1195 2288 1208 2303 “
1228 2291 1288 2325 chi
1313 2302 1354 2325 sa
1379 2291 1446 2325 che
1471 2290 1603 2334 lunghi

128 2343 327 2388 diseorsi„
353 2345 485 2380 Bacch.
511 2346 543 2386 2,
579 2346 611 2387 3,
644 2347 708 2381 105
744 2348 787 2380 ab
819 2359 856 2381 eo
885 2349 999 2381 licebit
1032 2350 1191 2391 quamvis
1228 2350 1341 2383 subito
1377 2359 1525 2383 sumere.
1557 2364 1602 2370 —

129 2401 214 2436 381.
240 2405 408 2447 antiquus
434 2415 453 2438 e
479 2409 574 2438 vetus
604 2404 636 2439 si
669 2406 824 2441 brovano
863 2406 934 2440 ben
972 2417 1096 2449 spesso
1133 2406 1290 2441 insieme
1328 2406 1522 2450 eongiunti
1556 2406 1604 2440 da.

130 2461 272 2502 Plauto,
298 2472 364 2505 per
389 2462 592 2505 esprimere
617 2462 656 2496 in
682 2463 790 2498 modo
818 2463 881 2506 piu
908 2463 1069 2498 enfatico
1094 2475 1170 2499 una
1194 2476 1279 2499 cosa
1303 2465 1405 2500 d'usso
1431 2464 1556 2500 antico
1582 2475 1602 2499 e

127 2520 317 2553 costante:
342 2525 437 2553 vetus
463 2520 740 2564 propriamente
768 2523 786 2556 e
813 2524 967 2565 opposto
994 2533 1016 2556 a
1040 2533 1159 2564 novus,
1179 2534 1198 2557 e
1217 2523 1341 2557 indica.
1366 2523 1528 2558 soltanto
1546 2523 1603 2557 010

127 2576 195 2615 che
220 2588 294 2616 non
320 2578 339 2612 b
366 2579 429 2621 pm
455 2590 575 2615 nuovo
602 2580 710 2619 (vetus
734 2580 871 2622 fabula,
897 2585 1026 2614 veteres
1043 2580 1212 2624 nummi),·
1238 2583 1406 2626 antiquus
1423 2581 1552 2616 invece
1583 2582 1602 2617 ὲ·
