1872 2968
629 120 844 146 ‘rnmvmmvs
868 121 891 151 ι,
918 111 947 151 1,
972 108 1060 145 1-3
1559 106 1583 145 9

735 309 902 346 ACTVS
930 308 958 346 I.

678 429 1010 466 MEGARONIDES.

218 544 408 589 Amicum
436 547 641 599 castigare
669 548 719 587 oh
748 547 942 587 meritam
971 546 1139 586 noxiam

217 622 463 663 Immoenest
492 623 664 667 facinus,
692 621 842 661 uerum
871 621 912 660 in
942 624 1080 661 aetate
1109 618 1212 661 utile

217 701 267 738 Et
293 696 563 738 conducibile.
618 696 723 736 Nz'lm
754 708 830 748 ego
859 697 1040 737 amicum
1071 695 1192 736 hodie
1223 707 1361 736 meum
1527 696 1579 735 25

155 851 301 887 Actus
338 852 364 885 I.
392 850 642 894 Megaronide,
672 850 817 885 l'amieo
843 849 881 884 di
908 849 1089 890 Carmide,
1117 850 1270 884 essendo
1309 850 1444 884 venuto
1477 860 1499 883 a
1523 860 1577 884 eo-

109 921 289 945 noscenza
313 910 410 944 delle
435 909 607 943 calunnie
633 909 700 943 che
726 909 755 943 si
783 909 974 943 andavano
1001 908 1207 952 spargendo
1235 907 1291 941 sul
1317 910 1424 942 conto
1443 907 1577 942 (11031-

109 968 207 1010 licle,
246 979 264 1003 e
301 967 515 1001 inclinando
541 978 563 1001 a
587 966 771 1010 prestarvi
807 966 900 1007 fede,
928 965 959 1000 si
983 977 1149 1009 propone
1175 965 1214 999 cli
1239 965 1468 1000 avvicinarlo
1495 976 1514 1000 e
1540 964 1578 999 di

110 1025 387 1068 muovergliene
413 1025 652 1068 rimprovero.
679 1041 721 1046 —
772 1023 838 1057 23.
864 1026 1009 1058 noxiam
1035 1023 1066 1057 si
1090 1023 1199 1066 legge
1225 1024 1520 1058 costantemente
1538 1022 1578 1057 in

109 1083 242 1118 Plauto
265 1094 288 1125 *e
313 1083 352 1116 in
378 1082 564 1123 Terenzi0‚
591 1082 629 1115 in
655 1082 763 1124 luogo
790 1081 890 1115 della
914 1082 1033 1115 forma
1058 1081 1213 1115 classica
1237 1093 1378 1116 noxam.
1396 1080 1487 1116 Essa
1503 1092 1578 1116 non

108 1141 157 1175 ha
180 1140 220 1174 in
244 1142 373 1183 questo
400 1151 483 1173 caso
509 1139 536 1172 il
562 1139 770 1182 significato
797 1139 988 1182 oggettivo
1014 1139 1052 1172 (11
1081 1137 1094 1150 “
1118 1139 1225 1183 colpa
1247 1166 1274 1181 „,
1301 1150 1362 1174 ma
1385 1139 1412 1173 il
1440 1139 1577 1183 signifi-

107 1199 190 1232 cato
214 1197 423 1241 soggettivo
449 1198 487 1231 di
517 1195 529 1208 ‘⁴
548 1197 705 1231 biasimo
728 1223 756 1238 „.
782 1196 854 1231 Cfr.
880 1197 973 1239 Ter.‚
999 1197 1146 1230 Phorm.
1174 1197 1241 1231 225
1260 1199 1306 1231 ad
1323 1199 1577 1239 defendendmn

105 1257 262 1289 noaeiam.
289 1273 332 1277 -
356 1258 532 1296 meritam,
558 1255 593 1288 al
619 1254 701 1298 pari
731 1254 791 1288 del
818 1257 1021 1288 commerita
1047 1254 1105 1288 del
1134 1266 1165 1288 v.
1192 1255 1247 1295 26,
1274 1254 1323 1289 ha,
1347 1255 1411 1298 qui
1449 1254 1575 1289 valore

105 1315 258 1357 passivo.
294 1313 447 1348 Altrove
484 1313 613 1347 invece
639 1314 658 1347 e
684 1313 802 1347 forma
839 1313 1049 1356 deponente
1088 1324 1155 1347 eon
1193 1313 1402 1356 significato
1445 1313 1576 1354 attivo,

107 1371 190 1406 Aul.
216 1371 284 1406 738
308 1383 361 1405 me
385 1373 524 1415 culpam
549 1373 788 1405 commeritum
812 1373 894 1404 scio.
915 1388 958 1392 —
1009 1370 1074 1404 24.
1092 1373 1271 1405 τὐιηιοενιε.
1289 1371 1368 1405 L'oe
1386 1371 1424 1405 di
1441 1374 1574 1414 questa

106 1428 226 1464 forma
250 1430 270 1463 e
296 1429 450 1470 arcaieo,
477 1441 495 1463 e
522 1429 558 1462 vi
583 1431 641 1463 sta
665 1440 731 1473 per
754 1429 805 1462 Γῐι
830 1429 889 1462 (191
915 1428 1033 1463 latino
1059 1429 1224 1470 classico,
1251 1428 1371 1463 sioehe
1406 1431 1574 1464 immoene

107 1485 342 1530 eorrisponde
368 1486 414 1520 ad
439 1489 614 1520 immune:
641 1487 704 1520 cfr.
723 1489 860 1520 moenia
885 1485 922 1519 (11
949 1486 1126 1529 rimpetto
1154 1497 1175 1519 a
1201 1489 1332 1527 munio,
1356 1488 1479 1520 munia
1497 1497 1516 1521 e
1534 1486 1572 1520 in

106 1543 210 1578 Luer.
236 1556 268 1578 V.
296 1544 385 1578 1306
415 1555 588 1585 moenera,
619 1556 734 1587 poena
761 1556 779 1578 e
801 1546 914 1587 punio
940 1544 993 1585 (in
1019 1543 1093 1578 Cic.
1120 1544 1164 1578 (19
1191 1555 1268 1588 rep.
1294 1544 1326 1586 3,
1354 1545 1386 1585 9,
1419 1546 1460 1579 15
1492 1556 1572 1588 poe-

106 1604 209 1645 nire),
234 1603 370 1636 Poenus
397 1613 415 1637 e
440 1604 606 1642 Punicus,
626 1614 698 1636 900.
721 1602 843 1645 L'agg.
862 1604 1046 1636 inamoenis
1072 1613 1090 1636 e
1118 1602 1143 1636 il
1163 1602 1340 1646 semplice
1360 1605 1488 1644 munis,
1507 1602 1572 1637 che

105 1659 137 1694 si
160 1661 268 1695 trova.
293 1661 494 1704 adoperato
520 1660 558 1694 in
584 1661 705 1703 Mero„
720 1661 812 1704 prol.
839 1661 915 1700 104,
935 1661 990 1695 001
1010 1672 1115 1694 senso
1134 1661 1172 1694 (11
1194 1658 1206 1672 “
1230 1661 1419 1705 obbligato
1440 1688 1469 1703 ,,,
1489 1672 1573 1695 eon-

105 1719 267 1760 tengono
293 1718 473 1752 ambedue
499 1719 536 1752 la
561 1721 689 1753 519593,-
705 1719 827 1753 radice
854 1719 920 1753 che
948 1720 966 1753 e
993 1719 1031 1752 in
1056 1730 1195 1760 ›manu-9,
1222 1730 1240 1753 e
1267 1730 1421 1754 servono
1440 1731 1462 1754 a
1479 1719 1572 1754 indi-

107 1786 189 1810 care
214 1787 289 1809 una
314 1787 400 1810 cosa
428 1774 440 1787 '⁴
461 1787 528 1819 per
554 1776 611 1810 cui
636 1788 710 1810 non
736 1777 767 1810 si
791 1777 838 1811 (13
859 1804 885 1819 „‚
914 1788 933 1811 0
960 1789 1028 1820 pur
1048 1775 1061 1788 ‘⁴
1085 1777 1114 1811 si
1133 1777 1180 1811 (13,
1197 1789 1271 1811 una,
1288 1778 1521 1821 ricompensa
1543 1805 1573 1820 „,

105 1844 178 1867 una.
205 1844 290 1868 cosa
325 1831 337 1845 ²
359 1834 606 1877 dispiacevole
629 1862 641 1876 „
684 1846 704 1868 o
746 1832 759 1846 “
780 1835 970 1878 piaeevole
993 1862 1021 1877 „.
1052 1835 1081 1869 Il
1108 1834 1292 1870 Gronovio
1317 1836 1525 1880 interpret-a
1550 1848 1572 1871 3.

104 1893 234 1934 questo
259 1892 379 1932 modo,
406 1892 504 1926 nelle
529 1894 602 1926 lect.
622 1893 750 1934 Placet.⁷
776 1904 809 1936 p.
837 1893 915 1934 337,
943 1893 1201 1937 l'espressione
1226 1896 1394 1928 immoene
1415 1896 1571 1937 facinus:

107 1946 121 1960 '⁶
142 1949 240 1992 quod
265 1960 373 1984 nemo
399 1952 465 1984 aut
489 1950 564 1983 rari
591 1951 686 1985 dono
713 1950 839 1994 aliquo
858 1953 924 1985 aut
948 1951 1126 1986 beneficio
1146 1954 1396 1993 remunerant,
1414 1964 1480 1997 pro
1498 1964 1569 1996 quo

103 2018 212 2042 nemo
238 2007 360 2042 munis
388 2010 453 2042 aut
477 2008 672 2043 munificus
698 2011 755 2043 est
784 2036 812 2050 „.
840 2009 910 2043 Cfr.
938 2009 1057 2050 Festo,
1085 2022 1119 2054 p.
1149 2010 1237 2045 109:
1268 2008 1281 2023 “
1303 2013 1483 2053 immunis,
1510 2023 1568 2045 va-

103 2076 189 2100 cans
226 2077 401 2107 munere;
440 2066 666 2110 aliquotiens
692 2079 758 2110 pro
784 2068 953 2112 improbo
980 2068 1130 2111 ponitur
1152 2082 1191 2110 „;
1218 2068 1337 2104 Schol.
1371 2069 1417 2103 ad
1456 2072 1567 2114 caput

102 2124 146 2158 57
173 2123 246 2158 Cic.
271 2135 338 2168 pro
365 2124 508 2159 Sestio:
539 2123 552 2137 “
575 2137 593 2158 0
618 2128 790 2159 immunes
822 2127 925 2160 Grai.
965 2125 1010 2160 Et
1041 2127 1131 2161 haec
1161 2128 1275 2162 verba
1312 2130 1399 2162 sunt
1424 2128 1469 2162 de
1496 2131 1568 2162 tra-

101 2181 245 2224 goedia,
272 2182 311 2215 in
336 2193 409 2225 qua
435 2183 586 2217 verbum
613 2183 713 2217 istud
749 2186 922 2217 immunes
955 2184 1120 2227 ingratos
1153 2185 1351 2228 significat,
1384 2197 1495 2229 quem
1522 2186 1568 2220 ad

102 2239 251 2274 modum
269 2239 461 2275 munificos
480 2241 655 2275 dicebant
672 2252 750 2276 esse
770 2252 842 2282 eos,
861 2242 924 2284 qui
941 2242 1040 2285 grati
1056 2245 1093 2277 et
1110 2242 1286 2277 liberales
1301 2243 1522 2278 exsisterent
1538 2271 1568 2287 ,,.

102 2299 211 2349 ’‘fii'‘
228 2303 339 2332 aetate
356 2301 453 2332 εἰη
479 2304 590 2332 aetate
615 2299 912 2340 hominum‚Rud.
938 2301 970 2341 4,
999 2301 1028 2341 7,
1057 2301 1089 2343 9,
1118 2298 1131 2313 ⁴
1153 2302 1215 2335 nel
1242 2313 1343 2336 corso
1370 2301 1471 2337 della
1488 2302 1569 2338 vita.

101 2366 248 2397 umana,
273 2356 312 2390 in
339 2359 469 2400 questo
495 2356 629 2392 mondo
652 2385 680 2398 „.
700 2377 742 2382 —
793 2356 859 2392 25.
878 2359 1093 2392 conducibile
1109 2360 1128 2393 e
1146 2370 1220 2393 una
1237 2359 1366 2402 parola.
1385 2359 1567 2404 plautina,

99 2412 138 2448 la
163 2414 273 2458 quale
299 2414 329 2450 si
354 2417 463 2449 trova
491 2415 694 2459 adoperata
731 2427 867 2451 ancora
891 2416 930 2450 in
957 2416 1044 2450 altri
1070 2417 1123 2451 sei
1149 2417 1277 2461 luoghi
1302 2418 1350 2452 da
1374 2418 1519 2461 Plauto,
1546 2431 1566 2454 e

98 2471 260 2508 soltanto
298 2485 372 2508 una
409 2473 510 2509 volta
535 2474 574 2508 in
600 2476 699 2509 tutto
727 2474 753 2508 11
779 2477 878 2509 resto
918 2475 1018 2509 della
1055 2475 1217 2519 latinita,
1254 2476 1484 2512 dall'Auctor
1520 2479 1567 2513 ad

97 2529 327 2565 Herennium
351 2532 396 2573 Π,
421 2532 477 2573 43,
504 2543 570 2576 per
595 2533 759 2567 indicare
789 2530 802 2545 ‘⁴
833 2545 917 2568 cosa
943 2533 980 2567 di
1006 2545 1160 2568 comune
1198 2535 1398 2579 vantaggio
1421 2563 1449 2578 ,,,
1474 2538 1567 2580 quod

95 2589 240 2630 prodest
260 2590 444 2633 plurimis,
471 2602 573 2626 come
600 2591 679 2625 dice
707 2591 840 2626 Plauto
855 2604 863 2633 ;
890 2592 953 2626 cfr.
980 2591 1086 2636 Epid.
1112 2593 1145 2636 2,
1163 2593 1195 2635 2,
1215 2594 1270 2628 71.
1289 2593 1338 2628 Le
1350 2594 1564 2630 formazioni

1030 2724 1104 2737 vu.
