1818 2973
653 71 719 80 .-.a

596 145 816 173 'rnmvmuvs
839 145 876 176 v,
898 135 932 177 2,
952 133 1066 169 4—22
1499 128 1563 165 139

98 230 173 270 Cn.
200 227 307 270 vah.
361 229 434 270 CA.
464 227 569 278 Quid
597 229 690 269 est?
742 228 817 267 CH.
844 221 1004 267 Oblitus
1044 225 1156 265 intus
1183 218 1340 264 d1'1dum
1369 221 1444 263 tibi
1470 232 1564 262 sum

1400 292 1564 338 dicere:

201 374 323 417 Modo
349 375 453 416 mihi
480 369 722 417 aduenienti
750 376 932 426 nugator
958 368 1127 425 quidam
1153 364 1329 413 occessit
1356 369 1537 417 obuiam,

201 446 334 492 Nimis
352 449 656 503 pergraphicus
673 444 948 501 sficophanta.
1002 449 1041 488 Is
1059 442 1172 488 mille
1191 455 1410 487 nummum
1428 454 1474 485 se
1492 441 1564 484 hu·

1329 529 1451 562 reum
1508 547 1541 571 ι,

202 599 295 643 Meo
321 601 422 642 datu
449 600 523 641 tibi
552 597 664 642 ferre
691 601 735 641 et
760 601 888 652 gnato
914 595 1141 639 Lesbonico
1169 594 1282 637 aibet
1300 605 1414 636 meo:
1462 595 1566 635 1140

201 679 333 725 Quem
361 673 438 728 ego
464 686 545 717 nec
572 675 642 726 qui
671 677 781 717 esset
798 671 945 715 noram
974 684 1110 725 neque
1138 684 1235 714 eum
1262 674 1362 713 ante
1388 667 1566 721 nsquam
1626 715 1629 721 s

1206 740 1408 798 conspexi
1435 744 1565 797 prius.

201 824 282 868 Sed
310 825 409 878 quid
437 825 572 868 rides?
625 827 698 867 CA.
726 826 820 867 Meo
847 823 1045 877 adlegatu
1084 821 1214 872 uenit,
1251 823 1369 875 quasi
1398 823 1469 874 qui
1496 831 1568 861 au·

1338 895 1433 939 mim
1462 896 1566 938 mihi

203 977 353 1019 Ferret
379 977 453 1019 abs
480 979 523 1018 te
550 975 658 1028 quod
687 977 832 1018 darem
870 978 968 1017 tuae
1004 973 1159 1028 gnatae
1186 975 1344 1016 dotem:
1372 976 1421 1014 ut
1449 968 1567 1013 filius

201 1055 324 1102 Tuos,
353 1053 518 1105 quando
547 1053 606 1093 illi
634 1064 659 1093 a
687 1049 754 1093 me
794 1052 953 1100 darem.
998 1063 1089 1093 esse
1130 1049 1317 1092 adletum
1346 1050 1387 1090 id
1415 1049 1489 1090 abs
1525 1051 1568 1089 te

1243 1125 1450 1173 crederet,
1505 1153 1540 1177 ,ο

200 1201 293 1245 Ne1'1
322 1204 393 1254 qui
421 1214 513 1244 rem
542 1204 673 1255 ipsam
703 1201 839 1255 posset
866 1198 1125 1255 intellegere,
1146 1197 1422 1242 thensaurfim
1452 1202 1566 1240 tuom

1465 1275 1569 1316 1145

202 1351 270 1395 Me
299 1365 390 1395 esse
417 1365 557 1406 peneS,
586 1356 712 1405 atque
739 1349 836 1395 enm
865 1364 890 1394 a
918 1363 985 1394 me
1014 1353 1106 1405 lege
1133 1350 1273 1405 populi
1293 1352 1476 1404 patrium
1504 1348 1570 1402 po-

1416 1428 1567 1468 sceret.

95 1580 130 1617 ci
155 1580 212 1616 sia
228 1592 303 1616 una.
327 1581 468 1625 grande
493 1580 639 1623 lacuna,
664 1580 766 1617 nella
791 1581 902 1625 quale
928 1579 960 1616 si
985 1579 1163 1616 stabiliva
1188 1579 1216 1614 il
1241 1576 1482 1614 matrimonio
1507 1578 1568 1612 tra

94 1638 297 1675 Lesbonico
323 1650 343 1674 e
369 1639 407 1674 la
431 1639 535 1683 figlia
559 1639 597 1674 di
623 1638 788 1682 Callicle,
814 1639 882 1675 che
907 1639 969 1674 nel
996 1651 1026 1674 v.
1055 1638 1145 1673 1183
1172 1637 1364 1683 apparisce
1383 1647 1486 1672 come
1503 1635 1568 1680 giiz

95 1697 305 1734 conchiuso.
331 1715 375 1721 —
423 1696 530 1732 1137.
555 1698 622 1732 vah
651 1695 665 1710 ⁸
686 1697 757 1733 ah!
777 1708 814 1741 ,ε
840 1696 1107 1733 esclamazione
1125 1695 1277 1741 propria
1293 1695 1330 1730 di
1349 1694 1447 1730 colui
1467 1705 1490 1730 a
1506 1693 1567 1730 cui

95 1754 204 1790 viene
230 1755 269 1790 in
295 1756 419 1791 menne
444 1755 483 1790 di
508 1755 631 1791 subito
657 1766 733 1790 una
757 1766 843 1791 cosa
867 1755 1122 1790 dimenssicata..
1148 1773 1193 1779 —
1218 1755 1352 1789 dudum
1380 1751 1394 1767 ⁸
1417 1765 1458 1788 or
1491 1764 1567 1796 ora,

95 1825 187 1858 poco
212 1814 250 1849 fa
266 1840 295 1857 „
321 1814 386 1849 cfr.
410 1826 446 1849 n.
472 1814 541 1850 430
567 1825 586 1849 e
613 1814 692 1849 608.
719 1831 763 1837 —-
812 1813 919 1849 1138.
945 1816 1097 1855 occessit,
1124 1812 1180 1848 col
1206 1811 1397 1853 Wilhelm,
1420 1822 1488 1857 per
1511 1823 1566 1847 ac-

94 1873 198 1906 cessit
221 1871 282 1907 dei
307 1871 446 1916 codici;
472 1872 535 1908 cfr.
562 1872 693 1907 Pseud.
719 1872 788 1908 250
812 1874 1016 1907 occedamus
1039 1873 1105 1906 hac
1129 1873 1275 1906 obviam.
1293 1887 1338 1894 -
1387 1869 1495 1905 1139.
1512 1872 1567 1905 ni·

94 1931 163 1964 mis
183 1932 456 1974 peryraphicus,
482 1931 547 1966 cfr.
572 1943 607 1965 n.
633 1930 678 1965 28
705 1941 724 1965 e
750 1931 829 1966 769.
860 1950 897 1956 —
926 1931 1020 1965 mille
1046 1942 1237 1972 nummum,
1265 1929 1328 1964 cfr.
1354 1940 1390 1964 n.
1414 1929 1495 1965 425.
1524 1945 1561 1952 -

94 1986 202 2023 1140.
228 2000 301 2023 meo
326 1990 413 2023 datu
438 1990 457 2024 e
483 1988 778 2032 un'espressione
803 1988 956 2033 propria.
979 1987 1078 2024 dello
1104 1988 1188 2023 stile
1215 1987 1384 2031 plautino
1402 1988 1447 2023 ed
1465 1987 1566 2032 equi-

97 2045 178 2081 vale
205 2046 252 2081 ad
277 2058 407 2081 aurum
432 2059 454 2081 a
480 2059 532 2082 me
556 2049 702 2091 datum;
728 2047 792 2082 cfr.
818 2047 883 2091 qui
908 2058 1033 2091 presso
1059 2058 1132 2081 meo
1157 2047 1316 2090 deleqatu
1332 2059 1378 2073 =
1395 2058 1418 2080 a
1442 2058 1495 2081 me
1511 2047 1566 2081 de-

95 2105 241 2147 leqatus.
267 2121 312 2127 —
383 2104 481 2140 1141.
506 2117 639 2149 quem...
664 2118 753 2147 eum,
780 2105 844 2140 cfr.
872 2105 978 2150 Capt.
1004 2105 1072 2139 555
1098 2106 1223 2149 quibus
1247 2106 1434 2149 insputari
1456 2105 1568 2140 saluti

94 2163 167 2205 fuit
192 2167 294 2207 atque
318 2164 351 2197 is
380 2164 536 2207 profuit.
564 2180 606 2185 -
726 2162 832 2198 1144.
859 2176 881 2197 a
906 2175 958 2198 me
987 2160 1000 2176 ⁸
1022 2163 1287 2198 direttamente
1313 2163 1361 2197 da
1385 2174 1444 2198 me
1467 2189 1496 2206 ,.
1522 2183 1565 2189 -

95 2219 203 2256 1145.
228 2232 296 2256 neu
320 2223 391 2265 qui,
418 2221 481 2256 cfr.
507 2233 543 2256 n.
571 2222 624 2263 14,
651 2222 670 2256 e
696 2220 849 2256 l'antica
874 2221 993 2256 forma
1010 2221 1212 2257 d'ablativo
1230 2221 1291 2257 del
1308 2231 1486 2265 pronome
1503 2220 1567 2256 in-

95 2279 249 2315 definito
275 2290 294 2314 e
320 2279 403 2314 vale
434 2277 447 2291 “
468 2279 508 2314 in
534 2279 643 2315 alcun
668 2279 776 2315 modo
797 2291 831 2323 „z
857 2279 919 2315 nei
944 2279 1062 2315 codici
1087 2281 1107 2315 ὸ
1132 2281 1276 2315 mutato
1306 2290 1374 2323 per
1391 2290 1513 2315 errore
1527 2279 1568 2315 in

96 2339 176 2382 quis
200 2337 246 2372 ed
270 2338 291 2372 e
316 2337 497 2381 aggiunto
522 2349 571 2372 un
597 2343 628 2372 et
654 2337 801 2373 innanzi
827 2349 849 2373 a
873 2339 1116 2373 thensaurum.
1134 2355 1178 2361 --
1196 2338 1248 2373 La
1273 2349 1403 2373 cesura.
1419 2337 1510 2373 cade
1527 2337 1567 2374 in

97 2396 230 2440 questo
256 2406 361 2432 verso
387 2396 483 2441 dopo
509 2395 546 2431 la
577 2396 698 2440 prima.
733 2398 835 2432 mete.
871 2396 932 2431 del
969 2397 1159 2440 composto
1194 2394 1467 2440 (intel-lbqerek
1502 2397 1567 2432 cfr.

97 2453 192 2489 Rud.
215 2454 248 2496 4,
273 2453 306 2496 4,
333 2454 378 2489 59
403 2455 482 2489 dixi
506 2456 662 2498 equidem
687 2455 748 2489 sed
776 2456 809 2488 si
827 2456 963 2498 pcirum
994 2455 1193 2497 intel-le‘xti,
1218 2456 1336 2490 dicam
1367 2455 1494 2491 adnuo.
1521 2472 1567 2479 -

96 2510 204 2547 1146.
230 2523 283 2547 me
306 2523 378 2547 esse
400 2524 517 2557 penes,
542 2513 605 2548 cfr.
632 2513 700 2549 822
726 2523 746 2548 e
772 2513 854 2548 Aul.
879 2513 914 2554 4,
939 2513 972 2555 4,
998 2513 1041 2548 27
1072 2525 1180 2557 neque
1208 2516 1262 2548 tui
1294 2525 1347 2548 me
1381 2516 1569 2558 quicquam

96 2571 265 2606 invenisti
285 2582 403 2614 penes.
427 2590 473 2596 -
497 2583 585 2613 eum,
611 2570 689 2606 scil.
715 2572 959 2606 thensaurum.
984 2588 1028 2594 ·—-
1047 2583 1069 2606 a
1086 2583 1139 2606 me
1156 2572 1176 2606 e
1193 2572 1337 2607 mutato
1352 2571 1413 2607 dal
1433 2571 1569 2607 Mfiller

96 2627 137 2664 in
161 2640 224 2672 me,
249 2628 385 2674 perche
410 2628 543 2665 Plauto
570 2628 770 2665 costruisce
789 2629 931 2665 altrove
957 2628 984 2664 il
1012 2641 1044 2664 v.
1063 2641 1172 2674 posco
1197 2629 1254 2666 col
1279 2630 1416 2675 doppio
1435 2641 1569 2666 acc.—
