1818 2973
302 67 343 77 ιι.-
353 75 384 78 ,..

225 131 271 166 78
813 142 856 180 u.
879 141 962 167 mcx
985 142 1119 168 PLAU'rl

227 224 298 262 LE.
327 222 432 270 Quid
460 217 584 263 istic?
612 221 778 273 quando
805 221 864 262 ita
893 222 969 270 uis,
1000 218 1041 262 di
1069 222 1176 263 bene
1205 225 1397 263 uortant:
1427 221 1623 275 spondeo.

227 300 295 338 S'r.
324 301 562 350 Numquam
590 296 737 349 e’depol
766 298 992 348 quoiquam
1020 300 1106 338 tam
1135 295 1402 350 exspectatus
1431 295 1544 340 filius

333 370 477 421 Nauis,
507 385 634 424 quam
663 373 763 413 illuc
791 375 855 413 est
884 371 1115 423 ‘spondeo’
1143 370 1291 414 nanim
1319 374 1437 414 mihi.
1624 375 1704 415 575

334 449 381 488 Di
410 447 684 488 fortflnabunt
711 446 854 488 nostra
884 448 1069 488 consilia.
1124 451 1201 489 ΡΗ.
1235 433 1295 488 I'ta
1326 449 1434 489 uolo.
1623 478 1674 502 „5

229 525 302 564 LE.
331 524 423 571 Sed,
453 521 643 568 Stasime,
672 522 739 562 abi
768 522 854 562 huc
882 523 933 562 ad
963 521 1100 564 meam
1120 534 1307 563 sororem
1335 524 1386 563 ad
1415 522 1650 564 Calliclem:

334 598 407 638 Dic
436 596 516 637 hoc
544 597 684 648 negoti
713 596 795 648 quo
823 598 945 638 modo
972 600 1166 638 actumst.
1222 600 1290 638 ST.
1319 582 1465 638 l'bitur.

229 675 302 713 LE.
332 675 382 713 Et
408 671 649 724 gratulator
678 671 795 713 meae
823 673 969 713 sorori.
1026 675 1095 713 ST.
1123 669 1305 714 Scilicet.

228 752 306 789 ΡΗ.
339 751 355 787 Ι
383 749 477 796 hac,
507 748 744 797 Lesbonice‚
775 747 952 797 mecum,
982 752 1029 788 ut
1058 760 1200 789 coram
1228 745 1385 800 miptiis
1625 750 1706 789 580

336 825 430 864 Dies
458 823 759 865 constituatur:
789 824 937 866 eadem
965 824 1073 865 haec
1101 823 1453 866 confirmabimus.

231 901 302 939 LE.
331 901 439 940 Tute
466 895 576 940 istuc
602 910 706 940 cura
736 899 844 950 quod
873 900 993 940 iussi:
1023 911 1100 951 ego
1128 900 1212 940 iam
1236 900 1244 950 Ι
1267 895 1340 940 hic
1369 911 1455 940 ero.

1629 854 1678 878 180

230 1123 288 1155 eqo
313 1112 429 1145 iurem
454 1111 550 1145 tibi?
573 1131 615 1135 —
729 1109 825 1145 573.
852 1111 937 1154 quid
961 1111 1042 1144 istic
1071 1106 1084 1121 ⁴‘
1102 1120 1170 1153 per
1195 1111 1305 1145 conto
1330 1108 1418 1152 mio,
1445 1109 1513 1144 che
1538 1121 1646 1153 posso
1671 1109 1708 1145 io

230 1169 320 1212 fare,
352 1168 483 1213 poiche
510 1170 551 1203 tu
576 1168 701 1203 insisssi
718 1168 903 1211 banb0?„.
937 1165 1078 1210 “Quid
1113 1167 1223 1202 istic
1256 1169 1312 1203 est
1345 1167 1563 1203 adverbium
1597 1178 1708 1211 aegre

231 1227 469 1262 concedentis
495 1229 534 1261 eb
558 1227 676 1262 veluti
702 1226 794 1261 victi
811 1254 824 1269 „
854 1227 1000 1262 Donato
1019 1237 1041 1261 a
1058 1226 1139 1260 Ter.
1158 1225 1250 1260 Eun.
1269 1226 1301 1268 2,
1320 1226 1352 1268 3,
1371 1227 1414 1261 97
1428 1236 1438 1269 ;
1466 1226 1529 1261 cfr.
1548 1224 1656 1270 Epid.
1677 1226 1708 1268 1,

231 1285 264 1328 2,
290 1286 334 1321 38
359 1287 445 1330 quid
469 1288 550 1320 istic
574 1287 679 1321 verba
702 1286 888 1328 facimus?
912 1302 954 1306 —-
1052 1284 1147 1318 574.
1175 1283 1312 1326 Quesbo
1340 1296 1443 1319 verso
1471 1295 1490 1319 e
1515 1283 1543 1318 il
1568 1294 1709 1319 succes-

231 1343 310 1378 sivo
336 1343 510 1379 abbiamo
537 1343 739 1385 attribuit5,
766 1343 902 1379 sull'es.
930 1343 990 1378 del
1016 1343 1094 1383 Pio,
1122 1354 1143 1376 a
1169 1342 1341 1384 Stasimo‚
1368 1342 1404 1376 al
1434 1342 1545 1385 quale
1569 1341 1709 1386 meglio

232 1413 472 1446 convengono
499 1414 521 1436 a
546 1413 657 1437 causa
683 1402 769 1436 dell'
780 1403 882 1435 illud.
920 1400 951 1435 Il
989 1400 1201 1436 Camerario
1233 1401 1273 1434 fu
1306 1400 1335 1434 il
1364 1399 1484 1444 primo
1511 1411 1533 1434 a
1556 1399 1708 1435 riferirli

232 1462 515 1495 erroneamente
551 1471 574 1494 a
611 1460 775 1494 Filtone.
813 1459 883 1493 Nei
925 1458 1044 1493 codici
1087 1469 1218 1492 manca
1254 1457 1342 1502 ogni
1380 1457 1627 1494 indicazione.
1663 1477 1710 1482 —-

232 1517 328 1552 575.
354 1518 406 1552 La
431 1521 549 1553 stessa
581 1518 808 1553 ridondanza
842 1516 1112 1561 d'espressione
1146 1516 1177 1550 si
1210 1518 1302 1551 nota,
1339 1517 1455 1551 anche
1494 1516 1637 1551 altrove
1670 1515 1710 1550 in

232 1576 389 1618 Plaut03
416 1576 479 1611 cfr.
506 1577 638 1611 Bacch.
664 1578 697 1618 4,
722 1577 755 1617 5,
781 1577 800 1610 7
828 1581 900 1609 tam
924 1577 1073 1618 frictam
1099 1587 1156 1618 eqo
1181 1576 1283 1608 illum
1309 1577 1468 1616 reddam,
1493 1586 1600 1618 quam
1621 1575 1709 1617 fric-

233 1639 341 1669 tumst
365 1636 467 1678 cicer,
495 1634 629 1678 Amph.
656 1634 688 1676 2,
716 1635 746 1675 1,
773 1634 818 1668 54
844 1645 951 1677 neque
975 1634 1030 1667 lac
1054 1634 1158 1668 lactis
1182 1634 1296 1676 magis
1319 1637 1368 1666 est
1384 1633 1510 1674 simile,
1527 1643 1633 1675 quam
1650 1631 1711 1665 ille

234 1703 293 1736 eqo
329 1694 461 1726 similis
497 1698 547 1727 est
584 1694 661 1726 mei.
700 1711 744 1716 —
777 1693 864 1726 illac
900 1691 957 1726 001
996 1690 1174 1734 (3009011,
1200 1701 1268 1734 per
1303 1691 1396 1724 illud
1433 1689 1494 1724 dei
1524 1689 1628 1724 codd.
1664 1707 1711 1714 -

236 1749 332 1785 576.
357 1752 549 1793 fortunare
589 1747 674 1785 “esss
698 1761 917 1795 prosperare
949 1751 987 1784 et
1024 1748 1195 1785 omnibus
1232 1748 1339 1782 bonis
1377 1758 1543 1791 augere„
1578 1746 1712 1787 Nonio,

237 1808 315 1850 109,
343 1809 396 1843 14.
423 1829 468 1833 --
493 1810 545 1843 ita
570 1810 644 1843 volo
673 1806 686 1820 ⁴‘
706 1810 781 1843 cosi
806 1819 914 1851 spero
932 1834 960 1851 ‚.
987 1824 1031 1829 —
1106 1806 1201 1840 578.
1227 1807 1290 1840 hoc
1313 1807 1429 1849 neqoti
1457 1803 1470 1818 '⁴
1488 1804 1606 1840 molto
1631 1815 1708 1848 pro-

235 1866 466 1902 babilmente
493 1866 522 1901 si
549 1867 640 1902 deve
671 1866 905 1902 considerare
939 1876 1044 1901 come
1078 1866 1232 1908 oggetto
1261 1864 1299 1898 di
1328 1866 1396 1904 dic,
1421 1875 1494 1899 non
1520 1863 1583 1908 gia
1608 1873 1712 1898 come

237 1926 410 1969 soggetto
437 1925 474 1959 di
500 1931 671 1966 actumst;
699 1926 761 1959 cfr.
788 1937 823 1959 n.
850 1924 918 1958 373
945 1935 963 1959 e
990 1922 1095 1968 Caph.
1121 1923 1152 1964 2,
1181 1923 1211 1965 1,
1240 1923 1283 1957 14
1308 1923 1439 1956 scimus
1462 1933 1527 1956 nos
1550 1926 1713 1956 nostrum

238 1984 395 2026 officium
419 1985 511 2027 quod
535 1989 595 2017 est.
622 1983 674 2017 La
698 1994 809 2027 prosa
835 1981 991 2017 classica
1009 1981 1044 2015 al
1061 1982 1168 2025 posto
1195 1980 1233 2014 di
1259 1985 1409 2014 actumst
1432 1978 1712 2014 richiederebbe

237 2052 313 2075 una.
337 2041 458 2076 forma
484 2041 521 2075 di
547 2041 801 2085 congiuntivo.
827 2061 872 2065 —
1030 2038 1126 2073 579.
1150 2039 1357 2081 yratulator
1381 2039 1400 2072 e
1426 2037 1523 2072 forse
1547 2036 1713 2072 identico

239 2111 261 2134 a
283 2099 520 2142 gratulatur?
567 2117 601 2121 —
641 2101 774 2133 scilicet
802 2096 815 2110 “
834 2098 1025 2132 s'inbende
1051 2098 1098 2131 da
1133 2098 1170 2131 se
1207 2107 1317 2131 senza
1347 2095 1486 2130 dubbio
1508 2107 1537 2138 ,ε
1569 2096 1716 2129 sci-licet

239 2157 287 2191 da
323 2158 529 2199 scire-licet,
563 2157 626 2191 cfr.
665 2157 767 2191 Curc.
804 2156 871 2190 263
909 2157 991 2189 item
1029 2156 1120 2189 alios
1160 2156 1241 2188 deos
1281 2155 1444 2196 facturos
1483 2154 1631 2187 scilicet.
1670 2168 1715 2174 -

242 2214 337 2249 580.
364 2214 503 2257 Questo
532 2226 637 2250 verso
675 2215 732 2250 001
769 2214 976 2249 successivo
1003 2224 1092 2248 sono
1119 2211 1309 2247 attribuiti
1335 2212 1629 2254 erroneamente,
1653 2209 1716 2244 nel

242 2273 379 2308 codex
407 2285 428 2307 v
443 2276 565 2316 etus,
591 2285 614 2308 a
638 2273 854 2308 Lesbonico.
881 2290 923 2294 —
943 2283 1073 2313 coram,
1092 2272 1179 2306 sott.
1197 2271 1363 2304 Lusitele.
1379 2287 1425 2292 —
1475 2267 1561 2302 581.
1586 2269 1716 2309 cuidem,

240 2333 327 2366 sott.
353 2331 462 2376 operti
486 2346 531 2358 =
555 2334 662 2366 simul
691 2330 703 2344 ²
722 2332 785 2366 nel
810 2333 937 2374 tempo
963 2330 1095 2364 istesso
1113 2327 1315 2372 „.L'ellissi
1327 2326 1490 2362 dell'abl.
1507 2338 1616 2370 opera
1633 2325 1717 2360 s'in-

242 2391 372 2423 contra
409 2390 525 2425 anche
562 2390 705 2425 altrove
737 2390 776 2423 in
801 2388 959 2431 Plautoj
998 2387 1061 2422 cfr.
1098 2386 1203 2430 Caph.
1238 2386 1306 2419 459
1341 2386 1459 2419 eadem
1481 2384 1720 2428 percontabor

243 2450 359 2491 ecquis
384 2449 476 2483 hunc
501 2450 753 2483 adulescentem
779 2448 926 2488 noverit,
952 2446 1030 2480 Mil.
1058 2445 1089 2486 2,
1116 2445 1148 2485 3,
1174 2444 1218 2478 32
1243 2445 1300 2477 hic
1324 2448 1355 2477 te
1379 2444 1552 2487 opperiar
1560 2454 1574 2485 ,·
1598 2443 1718 2476 eadem

242 2505 301 2537 illi
325 2505 481 2538 insidias
505 2506 604 2538 dabo.
622 2522 665 2526 —
692 2505 776 2538 haec
805 2500 817 2515 “
836 2502 892 2537 cio
919 2502 986 2537 che
1010 2500 1188 2544 riguarda
1213 2499 1249 2533 la
1274 2499 1360 2534 dote
1379 2525 1407 2540 ,,,
1434 2498 1500 2532 che
1518 2499 1537 2532 e
1555 2496 1583 2531 il
1600 2497 1718 2540 punto

245 2573 358 2597 ancor
382 2564 619 2597 controverso
645 2564 704 2597 tra
729 2562 767 2596 di
792 2562 881 2596 loro.
907 2577 953 2582 —
1049 2557 1144 2592 582.
1171 2562 1242 2592 tute
1266 2557 1323 2591 001
1349 2556 1479 2598 Bothe,
1504 2566 1571 2600 per
1594 2559 1633 2589 tu
1658 2553 1720 2589 dei

245 2620 376 2662 codici,
403 2632 469 2664 per
494 2621 614 2655 evitat
638 2620 755 2655 l'iato.
785 2637 825 2642 —
864 2621 948 2655 iam.
967 2628 1070 2653 come
1100 2615 1347 2651 monosillabo
1373 2613 1524 2648 innanzi
1550 2624 1572 2648 a
1596 2623 1721 2647 mono·
