1818 2973
613 99 833 125 'ravaMvs
856 100 892 130 11,
914 89 949 131 2,
971 88 1107 124 71-83
1556 91 1601 127 53

133 186 210 225 Lv.
239 181 463 222 Lesbonico
489 182 590 221 huic
617 180 888 228 &dulescentss
917 178 1157 221 Charmidai
1186 176 1284 228 filio,

237 258 312 305 Qui
340 252 426 297 illic
457 257 627 297 habitat.
682 258 758 296 ΡΗ.
786 250 893 303 Quin
921 255 1100 296 comedit
1127 253 1236 306 quod
1264 255 1356 302 fuit,
1386 257 1493 306 quod
1515 257 1596 297 non

1356 331 1465 371 fuit?
1520 334 1599 372 360

133 410 209 449 Lv.
239 409 299 448 Ne
328 403 548 458 exprobra,
579 408 714 458 pater:
756 403 887 446 miilta
928 405 1132 446 eueniunt
1172 404 1330 446 homini
1364 418 1472 457 quae
1502 409 1598 454 uolt,

1193 480 1299 532 quae
1328 483 1483 522 neuolt.
1540 512 1571 535 so

133 562 208 598 ΡΗ.
238 557 416 599 Mentire
443 557 600 608 edepol,
629 555 766 608 gnirte,
796 559 921 606 atque
949 556 988 595 id
1018 567 1129 596 nunc
1161 555 1261 597 salcis
1291 557 1401 597 haud
1432 569 1601 598 consue-

1443 628 1600 674 midine.

236 707 339 748 Nem
369 708 531 759 sapiens
560 705 725 758 quidem
755 707 822 757 pol
851 707 963 758 ipsus
992 703 1111 758 fingit
1139 706 1349 748 fortunem
1379 709 1476 749 sibi:

234 783 291 824 Εό
319 795 400 823 non
430 785 560 823 multa
589 780 696 833 quae
725 784 867 823 neuolt
895 781 1111 831 eueniunt,
1141 783 1219 822 nisi
1249 783 1370 824 fictor
1399 785 1563 824 malust.

131 951 417 986 cessariamente
443 962 510 994 per
534 949 788 994 parallelismo
815 949 871 985 col
897 960 1001 985 verso
1028 953 1217 993 seguente.
1243 950 1274 984 Il
1300 950 1517 986 Fleckeisen
1536 962 1554 986 e
1573 951 1601 986 il

131 1010 294 1053 Wagner
318 1011 511 1045 accettano
537 1008 698 1043 un’altra
731 1008 1004 1049 emendazione,
1031 1009 1097 1043 che
1124 1009 1162 1043 fu
1188 1008 1493 1053 primieramente
1519 1021 1599 1054 pro-

130 1069 237 1111 posta
261 1067 323 1102 dal
348 1067 501 1108 Ritseffl,
529 1078 547 1101 e
574 1067 732 1102 eredono
760 1067 826 1101 che
852 1068 954 1100 cuius
980 1066 1035 1101 sia
1069 1067 1206 1102 dovuto
1238 1068 1284 1102 ad
1310 1067 1600 1103 un’alterazione

129 1125 167 1159 di
192 1127 321 1159 cuitu.
346 1142 392 1147 —
417 1126 566 1168 loquere.
603 1124 672 1158 Nel
710 1123 953 1167 palimpsesto
991 1124 1021 1158 si
1058 1125 1167 1168 legge
1205 1126 1372 1169 eloquere,
1410 1126 1476 1160 ohe
1511 1127 1530 1160 6
1563 1126 1601 1161 13

127 1182 268 1217 lezione
294 1184 482 1217 aecettata
506 1182 568 1216 dal
593 1182 691 1225 Brix,
716 1182 744 1216 il
769 1182 879 1225 quale
905 1183 924 1216 e
951 1184 1139 1223 costretbm
1165 1194 1231 1226 per
1256 1184 1352 1217 farla
1377 1186 1523 1218 entrare
1538 1185 1600 1220 nel

128 1252 244 1282 verso,
269 1252 291 1275 a
316 1240 493 1275 invertire
526 1242 679 1275 tolerare
712 1243 764 1274 vis
798 1240 837 1274 in
871 1242 924 1274 vis
957 1242 1120 1274 tolerare.
1148 1258 1192 1263 --
1290 1240 1384 1276 359.
1416 1244 1507 1283 huic,
1535 1243 1599 1278 cfr.

128 1309 163 1331 n.
189 1297 267 1331 326.
294 1316 338 1321 —
368 1298 597 1331 Charmidai:
636 1298 769 1340 questa
806 1296 924 1331 forma
958 1295 1104 1331 areaica
1130 1297 1190 1331 del
1216 1296 1384 1339 genitivo
1411 1298 1471 1332 dei
1497 1299 1599 1333 nomi

129 1354 166 1388 di
190 1355 311 1398 prima
334 1353 596 1399 deelinazione,
624 1353 660 1388 13
697 1354 806 1398 quale
841 1356 945 1397 segni
977 1354 1084 1397 quasi
1122 1355 1370 1390 sieuramenlze
1397 1355 1600 1399 l'analogia

130 1412 189 1446 dei
214 1412 304 1446 hemi
317 1412 354 1446 di
373 1412 532 1447 seconda
548 1411 800 1447 declinazione
826 1410 903 1454 (efr-
929 1423 984 1455 gr.
1002 1412 1174 1445 πολίω-ο
1199 1413 1358 1449 formato
1386 1414 1596 1458 analogica-

129 1473 254 1505 mente
279 1481 321 1504 su
346 1468 485 1513 οἴνο-ο),
511 1470 538 1505 ε’
553 1469 723 1505 incontra
748 1471 795 1504 da
821 1471 953 1505 Plauto
981 1471 1186 1514 adoperata
1210 1482 1284 1506 non
1310 1472 1387 1507 solo
1415 1472 1472 1507 coi
1496 1473 1599 1507 nomi

127 1528 266 1572 propri,
292 1539 394 1562 come
432 1529 654 1571 Periphanai
687 1527 793 1572 Epid.
829 1528 860 1570 2,
894 1529 926 1569 2,
962 1529 1017 1571 61,
1050 1530 1261 1563 Antidamcci
1287 1529 1398 1565 Poen.
1425 1532 1456 1571 5,
1484 1530 1515 1570 2,
1542 1531 1599 1572 85,

128 1597 189 1620 ma
213 1586 329 1620 anche
348 1597 367 1620 e
384 1585 450 1630 pisi
467 1585 790 1628 frequentemente
817 1586 873 1621 coi
898 1586 1000 1620 nomi
1027 1587 1259 1630 appellativi,
1287 1599 1388 1622 come
1408 1590 1600 1622 comoediai

128 1643 205 1678 Mil.
236 1644 268 1686 2,
302 1644 333 1685 1,
364 1644 396 1685 6,
428 1645 588 1686 familiai
620 1644 754 1688 Amph.
791 1644 820 1686 l,
856 1645 885 1686 1,
921 1644 998 1685 203,
1033 1646 1202 1678 audaciai
1235 1645 1368 1688 Amph.
1403 1646 1432 1686 1,
1461 1646 1491 1688 1,
1519 1646 1598 1688 211,

125 1703 219 1743 filiai
242 1701 326 1735 Aul.
357 1702 390 1742 2,
423 1702 456 1743 4,
488 1702 541 1742 16,
576 1703 759 1745 superbiai
788 1702 876 1737 Cist.
904 1703 935 1743 1,
964 1703 994 1743 1,
1019 1702 1074 1743 42,
1101 1705 1296 1746 sapientiai
1320 1703 1396 1737 Mil.
1424 1704 1456 1744 2,
1483 1704 1515 1745 2,
1542 1705 1598 1745 81,

127 1761 235 1802 aquai
259 1759 370 1794 Poen.
397 1759 427 1800 1,
454 1759 486 1799 3,
512 1759 568 1801 23,
594 1761 835 1802 impudicitiai
860 1760 992 1803 Amph.
1020 1760 1051 1801 2,
1078 1761 1203 1801 2189,
1231 1764 1348 1795 morai
1374 1761 1488 1796 Stich.
1513 1763 1546 1803 4,
1567 1763 1597 1804 1,

127 1816 182 1857 31,
209 1818 332 1850 simiai
355 1817 466 1852 Mero.
493 1817 524 1858 2,
553 1818 582 1858 1,
613 1818 665 1859 17,
690 1819 797 1851 silvai
829 1818 907 1852 Mil.
941 1819 973 1858 4,
1007 1819 1040 1859 4,
1077 1818 1131 1859 18,
1158 1819 1255 1861 00in
1281 1819 1463 1862 aggettivi
1497 1820 1599 1855 116113

126 1874 223 1908 frase
260 1876 405 1917 maynai
441 1876 497 1909 rei
527 1876 687 1918 publicat·
724 1875 813 1910 Mil..
835 1876 866 1916 2,
896 1877 925 1916 1,
952 1876 1008 1919 25,
1035 1887 1053 1911 e
1081 1876 1138 1911 coi
1164 1876 1333 1919 pronomi
1361 1881 1450 1912 meai
1476 1889 1494 1912 e
1521 1881 1599 1912 tuai

126 1932 208 1966 Aul.
235 1932 268 1972 2,
296 1932 325 1972 1,
352 1932 383 1966 2.
411 1932 455 1965 Di
483 1934 615 1975 questa
641 1933 760 1968 forma
785 1933 932 1968 arcaica
969 1934 1029 1968 del
1067 1934 1234 1978 genitivo
1268 1935 1387 1970 latino
1415 1935 1452 1969 di
1477 1936 1598 1980 prima

124 1989 375 2024 declinazione
402 1990 433 2023 si
459 1990 647 2026 servirono
674 1992 746 2026 ben
772 2003 895 2035 spesso
923 1991 1041 2027 Ennio
1068 2003 1087 2027 e
1113 1993 1297 2034 Lucrezio,
1330 1993 1505 2028 Cicerone
1532 2005 1598 2038 per

124 2048 160 2082 le
196 2059 260 2082 sue
297 2047 506 2083 traduzioni
540 2048 732 2091 metriche,
771 2060 790 2084 e
828 2061 902 2084 non
940 2062 1022 2084 rare
1062 2050 1162 2085 volte
1200 2051 1316 2085 anche
1355 2051 1526 2094 Virgilio.
1553 2069 1596 2074 —

126 2105 220 2140 360.
246 2108 330 2149 quin
348 2108 521 2149 :quine
547 2109 622 2141 eine
646 2110 707 2151 qui
735 2105 748 2120 ⁴‘
767 2119 788 2142 a
814 2108 910 2143 colui
937 2109 1004 2143 ohe
1022 2136 1050 2151 „.
1078 2109 1129 2143 La
1166 2109 1364 2152 particella
1390 2110 1597 2154 interroga-

123 2164 203 2199 tiva
227 2164 257 2198 si
284 2166 390 2198 trova
427 2164 499 2199 ben
535 2175 659 2208 spesso
698 2167 928 2210 transportata
962 2167 1024 2201 dal
1049 2178 1226 2210 pronome
1253 2167 1513 2203 dimostrativo
1539 2180 1595 2204 3ο-

124 2224 233 2256 canto
260 2221 296 2256 al
321 2221 500 2263 relativo;
534 2222 597 2257 cfr.
624 2223 702 2257 Mil.
730 2224 760 2265 1,
789 2224 819 2265 1,
848 2224 889 2258 13
915 2236 1058 2268 quemne
1083 2237 1141 2268 eqo
1167 2227 1337 2259 servavi?
1368 2226 1478 2260 Mero.
1505 2226 1537 2267 3,
1563 2226 1596 2269 3,

126 2281 168 2314 12
193 2282 328 2324 quodne
353 2283 492 2314 amem?
516 2280 649 2325 Amph.
675 2281 707 2322 2,
726 2281 757 2323 2,
788 2282 832 2316 65
850 2294 981 2326 quaene
996 2284 1148 2325 viqilans
1174 2286 1355 2317 somniat?
1382 2301 1417 2306 -—
1441 2286 1597 2326 comedit,

123 2338 187 2372 cfr.
215 2350 250 2372 n.
277 2337 357 2372 250.
384 2355 424 2360 —-
453 2340 544 2382 quod
568 2340 650 2382 fuit,
677 2341 770 2383 quod
794 2351 865 2374 non
883 2341 965 2382 fuit,
992 2341 1012 2374 6
1038 2340 1334 2384 un'espressione
1362 2342 1597 2385 proverbiale

122 2396 326 2439 adoperata
350 2406 416 2439 per
441 2395 606 2431 indicare
636 2394 648 2408 '⁴
667 2397 883 2441 qualunque
909 2409 994 2433 cosa
1012 2425 1040 2440 „.
1066 2417 1111 2422 —
1207 2398 1293 2432 361.
1320 2401 1510 2443 exprobra,
1540 2399 1596 2436 col

105 2453 294 2497 -palimps.
321 2454 448 2495 ambiu,
475 2466 542 2498 per
566 2457 746 2499 opprobra
771 2456 873 2499 degli
899 2456 987 2490 altri
1013 2456 1116 2491 codd.
1139 2474 1174 2478 —
1198 2459 1320 2498 nevolt,
1341 2457 1404 2492 cfr.
1430 2470 1466 2493 11.
1494 2459 1595 2493 1156.

122 2529 166 2534 -
179 2518 287 2556 pater
310 2523 384 2548 non
402 2513 439 2548 fa
456 2513 655 2557 posizione,
673 2513 736 2548 cfr.
754 2514 833 2548 316.
848 2531 893 2536 --
967 2513 1062 2549 362.
1087 2517 1236 2549 mentire
1264 2512 1277 2527 ⁴⁴
1295 2517 1337 2551 tu
1362 2516 1545 2559 t'inganni
1568 2543 1595 2559 „,

121 2570 274 2611 ψεύδου.
303 2588 344 2593 -
395 2570 490 2607 364.
516 2582 554 2607 eo
568 2573 713 2608 =ideo.
740 2592 784 2596 —
812 2574 926 2608 malus
956 2570 968 2584 “
987 2572 1236 2618 imprudente,
1254 2586 1327 2610 non
1345 2576 1490 2610 aecor-150
1509 2600 1536 2620 „.
1552 2594 1597 2600 -
