1872 2968
240 136 262 170 6
827 147 867 172 Μ.
891 146 971 172 Ace!
996 146 1127 172 PLAUT!

345 257 425 297 sed
454 267 503 297 ea
532 252 616 296 inae
644 257 741 307 quid
771 239 981 296 introierit
1009 253 1188 307 impulsfi
1217 268 1324 303 meo,
1661 260 1711 298 10

343 327 530 383 Accipite
558 335 600 372 et
629 333 722 372 date
753 327 923 371 uociuas
952 332 1067 371 auris
1096 332 1194 371 dum
1223 330 1407 383 eloquor.

343 405 598 447 Adulescens
627 407 843 457 quidamst,
873 402 943 457 qui
973 407 1014 445 in
1043 406 1159 447 hisce
1188 407 1350 446 habitat
1377 405 1566 448 aedibus:

343 485 380 522 Is
408 481 498 522 rem
527 485 745 532 paternam
775 492 840 521 me
868 481 1075 522 :adiutrice
1104 479 1301 533 perdidit.

238 653 415 694 cessarie;
443 664 462 687 e
488 652 613 696 percit>
640 652 691 687 mi
716 654 902 696 permetto
929 653 966 687 di
992 665 1067 688 non
1093 653 1290 688 adottarle.
1317 652 1384 688 Del
1418 655 1517 689 resto
1543 653 1594 688 mi
1619 665 1709 698 pare

238 712 304 746 che
330 711 358 744 11
383 722 487 745 verso
514 710 569 745 sia
593 711 657 755 pii}
684 712 872 746 armonico
899 713 975 746 cosi
1001 723 1104 747 come
1131 713 1150 746 e
1176 713 1306 747 serii-,bo
1340 712 1400 747 nei
1439 712 1570 755 codici,
1596 723 1616 747 e
1641 712 1708 747 che

237 769 354 803 l'hanc
378 769 434 803 sia
458 769 522 813 pisi
546 769 646 804 bello
672 781 691 804 e
718 769 783 813 pisi
809 770 934 804 chiaro
964 770 1161 804 dell'illanc
1187 771 1254 804 0116
1279 770 1333 815 gli
1359 771 1389 805 si
1415 770 1638 805 sostituisee.
1661 787 1709 793 -

237 827 294 862 10.
320 829 386 862 huc
410 829 505 871 quid,
533 827 590 862 col
615 827 859 872 palimpsesto
886 828 1134 863 ambrosiano.
1159 829 1190 862 Il
1215 828 1357 863 Bitschl
1376 831 1552 864 conservo
1569 829 1709 863 intatta

236 887 368 930 questa
393 885 557 927 lezione;
585 897 656 927 ma,
686 897 753 929 per
781 886 903 920 evitar
927 886 1055 927 l'iato,
1092 897 1251 930 propose
1276 887 1314 921 di
1340 886 1500 921 scrivere
1525 889 1647 922 intr-od
1672 887 1708 921 al

235 946 342 987 posto
368 944 406 977 di
430 947 528 977 intro
553 942 629 984 (cfr.
657 943 700 978 N.
726 944 780 978 Pl.
813 943 898 978 Exc.
926 944 952 986 Ι,
978 944 1048 984 81).
1073 945 1103 978 Il
1129 944 1260 984 Bothe,
1288 944 1434 988 seguito
1453 945 1515 978 dal
1532 945 1708 988 Wagner,

235 1013 403 1047 propose,
430 1002 569 1044 inveee,
595 1002 833 1036 l‘inversione
858 1002 963 1036 delle
983 1002 1053 1036 due
1079 1003 1196 1036 forme
1222 1003 1289 1036 huc
1315 1013 1334 1036 e
1359 1004 1454 1046 quid.
1481 1002 1517 1036 Si
1543 1002 1623 1037 noti
1641 1002 1708 1036 0116

234 1060 264 1094 11
300 1072 332 1095 v.
369 1062 532 1101 introire,
571 1060 882 1104 parallelamente
920 1071 942 1094 a
978 1062 1213 1094 intromittere
1250 1071 1268 1094 e
1306 1062 1540 1102 introducere,
1570 1060 1608 1095 fa
1644 1059 1709 1104 qui

236 1118 393 1160 sinizesi,
421 1119 500 1153 0106
517 1130 592 1153 non
611 1119 709 1153 elide
736 1119 793 1160 l‘o,
821 1130 841 1152 a
869 1120 1039 1153 eontatto
1066 1118 1170 1153 dell’i
1194 1118 1232 1152 di
1257 1120 1322 1161 ire,
1349 1129 1451 1153 come
1471 1118 1709 1159 avverrebbe,

235 1188 272 1211 se
299 1177 330 1212 si
355 1177 533 1212 scrivesse
559 1178 861 1220 separabamente
888 1180 984 1211 intro
1002 1179 1097 1210 ierit.
1128 1194 1164 1199 —
1249 1175 1297 1210 11.
1323 1180 1456 1210 vacivos
1482 1178 1500 1210 e
1527 1176 1564 1210 la
1588 1176 1709 1210 forma

234 1237 342 1269 usata
367 1237 651 1270 eomunemenbe
677 1235 725 1269 da
751 1235 883 1269 Plauto
912 1246 931 1269 e
957 1234 1058 1278 dagli
1085 1234 1174 1269 altri
1192 1234 1357 1269 scrittori
1375 1234 1522 1276 areaici,
1539 1235 1579 1269 in
1597 1235 1707 1278 luogo

234 1293 272 1327 di
297 1305 438 1335 vacuus,
458 1293 651 1336 aggettivo
670 1293 735 1327 che
756 1293 786 1326 si
805 1296 911 1327 trova
931 1293 1133 1336 adoperabo
1153 1299 1220 1327 con
1240 1292 1422 1327 sicurezza
1438 1303 1505 1336 per
1521 1293 1558 1327 la
1586 1288 1709 1337 pr'ima

234 1351 338 1386 volta
362 1351 410 1385 da
435 1351 625 1392 Terenzio,
653 1351 767 1385 Andr.
795 1352 829 1391 4,
855 1351 887 1388 2,
914 1351 969 1385 23.
996 1351 1189 1385 Ambedue
1215 1351 1251 1386 le
1276 1350 1394 1385 forme
1424 1352 1591 1385 mettono
1617 1362 1708 1394 capo

235 1421 258 1444 a
282 1406 439 1443 *vacivos
463 1407 525 1451 (da
549 1408 700 1451 vacare),
728 1420 746 1443 e
774 1420 819 1444 ne
846 1408 1036 1450 derivano,
1055 1409 1092 1443 la
1109 1408 1241 1452 prima,
1259 1408 1630 1443 coll'attenuamento
1648 1407 1709 1442 ab·

233 1467 411 1502 bastanza
435 1477 518 1502 raro
545 1467 683 1502 deff-a·
709 1467 747 1501 in
773 1479 819 1501 -ο-
846 1478 912 1511 per
937 1466 1120 1501 influenza
1145 1467 1205 1500 del
1230 1478 1261 1500 v·
1289 1466 1356 1500 0116
1382 1466 1538 1509 precede
1555 1465 1632 1506 (efr.
1651 1466 1710 1500 ab·

235 1527 292 1560 luo
317 1526 365 1559 da.
390 1526 525 1559 ‹ib-lavo
550 1537 617 1569 per
641 1525 679 1559 la
704 1525 828 1559 trafila
853 1525 891 1558 di
918 1524 1070 1565 ffihlovo,
1095 1526 1194 1558 diluo
1219 1525 1267 1559 da
1291 1525 1422 1558 di-lavo
1448 1524 1616 1565 *di-lovo,
1633 1528 1708 1558 voto

234 1595 300 1628 per
336 1589 418 1625 vem,
456 1589 612 1618 vostrum
636 1595 703 1627 per
732 1589 895 1624 vestrum,
934 1594 1078 1617 vorrere
1102 1594 1170 1626 per
1205 1582 1370 1624 verrere),
1396 1582 1433 1616 la
1458 1581 1618 1616 seconda
1641 1591 1708 1625 per

234 1653 355 1677 mezzo
393 1642 505 1676 d'una
542 1642 778 1676 conlzrazione
817 1641 1004 1676 dell'·ivus
1033 1641 1156 1682 finale,
1187 1641 1336 1684 quando
1363 1641 1458 1675 forse
1485 1650 1548 1674 era
1573 1650 1709 1673 ancora

236 1702 356 1741 abono,
383 1699 423 1733 in
448 1711 530 1733 -uus
555 1700 632 1739 (cfr.
658 1711 792 1734 nocuus
818 1711 837 1734 e
863 1702 1039 1734 innocuus
1064 1702 1219 1734 accanto
1246 1710 1267 1732 a
1292 1696 1460 1739 nocivus).
1498 1698 1708 1731 L'attenua·

234 1760 360 1793 mento
387 1759 424 1792 di
449 1761 585 1792 vacivos
610 1758 649 1792 in
674 1760 808 1792 vocivos
833 1758 867 1792 01
892 1760 911 1792 e
938 1759 1118 1792 attestato
1145 1768 1218 1791 non
1245 1756 1322 1791 solo
1348 1767 1415 1800 per
1441 1756 1571 1799 questo
1596 1754 1708 1798 luogo

235 1817 295 1851 dal
322 1817 565 1860 palimpsesto
593 1816 839 1857 ambrosiano,
867 1828 928 1850 ma
954 1827 1090 1850 ancora
1115 1815 1177 1849 dal
1215 1815 1358 1850 codex
1393 1813 1645 1848 Bembinus
1670 1811 1708 1846 di
1756 1861 1757 1864 Ἴ

235 1875 412 1910 Terenzio
426 1886 493 1919 per
506 1875 665 1909 l'Heaut.
687 1876 717 1915 1,
738 1875 767 1916 1,
783 1874 827 1909 38
845 1886 864 1908 e
884 1874 945 1908 dal
971 1874 1111 1909 codex
1137 1875 1272 1908 vetus
1298 1884 1365 1916 pei·
1382 1872 1420 1906 la
1438 1871 1518 1906 Cas.
1537 1871 1630 1915 prol.
1645 1870 1708 1913 29;

236 1945 255 1968 e
281 1933 314 1968 01
339 1935 359 1968 e
384 1933 520 1968 inoltre
547 1934 775 1968 confermato
803 1933 850 1967 da
876 1932 963 1966 altri
979 1931 1141 1966 derivati
1161 1931 1222 1965 del
1247 1943 1279 1965 v.
1306 1942 1398 1970 vaco,
1425 1930 1437 1963 i
1463 1929 1566 1973 quali
1584 1928 1707 1962 hanno

235 1992 358 2026 subita
383 1992 420 2025 la
445 1991 650 2025 medesima
675 1991 913 2032 albei-azione,
940 2000 1043 2024 come
1069 1989 1116 2024 ad
1142 2000 1192 2023 es,
1218 1988 1279 2022 dal
1304 1990 1436 2022 vocatio
1462 1986 1544 2031 (per
1559 1983 1708 2027 vacatio)

235 2050 305 2084 0116
328 2049 358 2084 si
383 2050 492 2093 legge
517 2049 620 2084 nella
649 2047 661 2061 '⁸
684 2050 744 2084 lex
770 2048 866 2083 Iulia
899 2047 1139 2091 Municipalis
1161 2075 1175 2090 „
1205 2057 1224 2081 e
1251 2046 1290 2081 in
1321 2058 1372 2080 un
1409 2045 1633 2079 frammento
1671 2043 1708 2077 di

236 2108 411 2143 Cicerone
438 2119 562 2152 presso
589 2107 721 2148 Nonio,
747 2119 783 2150 p.
807 2107 888 2147 436,
913 2106 975 2140 dal
1000 2117 1208 2149 vocatamque
1226 2107 1365 2139 domum
1391 2104 1429 2138 di
1453 2102 1709 2138 un'iserizione

235 2164 350 2199 citata
375 2163 584 2198 dall’Orelli
608 2176 645 2198 n.
669 2164 773 2205 4859,
799 2174 818 2197 e
846 2164 1057 2206 sopratutto
1084 2162 1146 2196 dal
1172 2162 1352 2204 seguente
1383 2159 1493 2203 luogo
1521 2158 1621 2194 della
1646 2158 1709 2193 Ca·

236 2220 317 2254 sina
342 2220 373 2260 3,
402 2220 432 2261 1,
461 2219 523 2254 13:
551 2219 606 2253 ST.
633 2220 706 2253 Fac
732 2220 882 2253 habeant
906 2219 1066 2261 linquam
1091 2222 1173 2251 tuae
1198 2219 1310 2250 aedes.
1337 2216 1401 2250 Ax„
1430 2217 1523 2257 Quid
1546 2216 1630 2248 ita?
1652 2212 1708 2247 S'r.

239 2278 347 2319 Quom
372 2280 519 2318 veniam,
538 2282 655 2312 vocent
669 2275 727 2319 (Ξ
737 2275 882 2317 vacent),
909 2276 937 2310 il
963 2275 1074 2319 quale
1094 2275 1274 2310 dimostra
1293 2274 1370 2314 che,
1389 2273 1491 2308 nella
1507 2271 1711 2316 pronunzia

235 2336 421 2380 popolare,
449 2335 795 2379 quest'alterazione
822 2345 939 2369 aveva
956 2334 1142 2368 intaccato
1168 2334 1204 2367 lo
1230 2334 1347 2367 stesso
1373 2344 1405 2365 v.
1432 2342 1524 2372 vaco,
1542 2330 1581 2364 in
1600 2329 1709 2364 modo

236 2394 284 2428 da
308 2393 400 2428 farlo
427 2394 599 2438 apperire
626 2393 789 2428 identico
816 2404 838 2427 a
862 2404 952 2427 voco.
979 2392 1179 2426 L’astratto
1205 2392 1386 2429 vacivitas,
1413 2400 1432 2423 o
1459 2388 1596 2432 meglio
1624 2389 1711 2422 voci-

236 2454 337 2492 vitas,
375 2451 405 2486 si
436 2452 527 2486 deve
554 2451 875 2495 ricosssruire,·per
907 2450 1061 2494 ragione
1087 2449 1148 2484 del
1173 2450 1304 2489 metro,
1335 2447 1452 2482 anche
1483 2446 1523 2481 in
1547 2446 1650 2482 Cure.
1676 2445 1709 2486 2,

237 2510 270 2554 3,
294 2510 350 2553 40,
377 2510 468 2545 dove
495 2510 523 2544 il
549 2511 692 2544 codex
729 2512 860 2545 vetus
885 2510 934 2543 ha
966 2509 1137 2543 vacuitas,
1167 2524 1204 2529 -
1241 2506 1352 2541 Metti
1378 2518 1399 2540 a
1424 2506 1604 2540 risconbro
1641 2514 1710 2538 eon

237 2570 368 2613 questo
396 2579 500 2603 verso
527 2568 785 2612 l’espressione
824 2566 1055 2603 seherzevole
1081 2565 1180 2601 dello
1207 2564 1338 2599 Pseud.
1368 2564 1397 2607 l,
1425 2564 1457 2606 5,
1483 2563 1529 2597 54
1551 2556 1622 2605 fac,
1647 2562 1711 2604 sis,

237 2628 373 2662 vocivas
407 2629 505 2661 aedis
541 2628 706 2669 aurium,
744 2639 820 2660 mea
854 2631 891 2660 ut
928 2627 1086 2669 migsrare
1120 2626 1216 2658 dicta
1246 2624 1387 2667 possint
1428 2632 1494 2665 quo
1529 2622 1616 2655 volo.
1659 2638 1705 2644 —

1800 219 1807 228 x
