1818 2973
210 74 274 112 ¹24
795 89 834 114 m.
858 88 941 115 Accx
965 90 1098 116 Ρωυτι

312 164 511 209 Ceterum
539 169 610 220 qui
638 163 705 217 εἰς,
734 169 806 220 qui
833 180 917 210 non
943 170 1011 219 siS,
1042 169 1221 212 fidccum
1249 182 1333 213 non
1361 169 1602 214 interduim.

313 227 395 293 I'bo,
424 244 477 284 ad
504 244 624 283 illum
650 233 914 293 renufitiabo,
941 239 1010 296 qui
1032 246 1134 286 mihi
1157 246 1233 287 tris
1250 246 1442 288 nummds
1460 249 1585 296 dedit,
1604 249 1685 289 995

313 303 369 360 Ἦ
395 319 500 360 sciat
528 330 573 359 se
601 317 844 370 perdidisse.
898 331 976 372 ego
1003 319 1121 362 hbeo.
1174 323 1284 363 male
1311 322 1412 364 uiue
1438 322 1482 364 et
1509 324 1631 364 uale:

313 391 392 445 Qui
421 397 463 437 te
491 395 533 435 di
561 405 705 436 omnes
733 393 1033 438 {aduenientem
1074 396 1253 449 peregre
1281 399 1470 449 perdant,
1499 397 1684 439 chin-mi-

1464 474 1549 516 des.
1605 504 1655 528 ω,

804 661 1077 701 CHARMmEs.

312 813 538 862 Postquam
565 807 637 853 ille
665 812 765 853 hine
792 813 906 860 abiit,
936 811 1026 864 pest
1055 814 1249 864 loquendi
1279 810 1410 857 libere

313 886 492 928 Videtur
520 891 687 939 tempus
715 885 880 929 uenisse
908 891 1035 939 atque
1062 888 1236 930 occdsio.

314 961 400 1000 [am
428 955 586 1000 dudum
614 972 754 1001 meum
784 962 855 1002 ille
884 960 1029 1012 pectus
1057 962 1205 1012 pungit
1230 960 1416 1011 eculeus,
1579 965 1683 1004 1000

313 1036 419 1081 Quid
448 1031 508 1076 illi
537 1037 676 1088 negoti
708 1032 835 1077 fuerit
862 1040 961 1077 ante
989 1032 1106 1078 aedis
1134 1048 1260 1078 meas.

312 1113 420 1151 Nam
448 1108 625 1162 epistula
655 1112 724 1152 illa
756 1107 858 1152 mihi
887 1111 1180 1153 concenturidt
1208 1116 1366 1154 metum
1607 1144 1656 1168 ,ω

310 1188 357 1226 Iu
386 1185 511 1228 cdrde
540 1189 581 1227 et
609 1188 711 1227 illud
740 1185 854 1228 mille
882 1199 1099 1228 nummum
1129 1188 1253 1240 que'lm
1281 1201 1373 1230 rem
1400 1192 1510 1241 agat.

311 1263 549 1313 Numquam
578 1260 724 1313 edepol
754 1265 917 1304 temere
945 1259 1069 1304 tinnit
1098 1264 1444 1306 tintinndbulum:

311 1337 399 1377 Nisi
429 1337 499 1387 qui
528 1332 631 1377 illud
663 1340 818 1378 tractat
844 1334 919 1378 aut
949 1342 1100 1386 mouet,
1131 1336 1342 1387 mutumst,
1373 1342 1497 1380 tacet.
1581 1342 1684 1382 1005

311 1412 391 1453 Sed
420 1408 512 1463 quis
544 1412 615 1452 hic
644 1416 707 1453 est
737 1414 806 1463 qui
836 1413 923 1454 huc
952 1414 993 1453 in
1021 1412 1202 1464 pluteum
1231 1425 1452 1455 cursuram
1479 1410 1657 1468 incipit?

309 1488 444 1528 Lubet
471 1487 697 1529 &bseruare
726 1484 825 1539 quid
856 1492 971 1540 agat:
1002 1489 1087 1530 huc
1115 1487 1375 1531 concessero.
1607 1521 1655 1545 ¹⁶⁵

203 1687 300 1724 994.
327 1694 479 1724 ceterum
505 1689 562 1724 001
592 1689 782 1733 wilhelm,
819 1702 887 1735 per
923 1693 984 1726 sed
1020 1703 1119 1725 erum
1156 1690 1218 1726 dei
1254 1690 1383 1726 codici.
1409 1708 1455 1714 —
1486 1692 1682 1726 inter-duim

200 1744 279 1789 (cfr.
305 1759 340 1782 n.
369 1747 446 1789 102,
472 1748 555 1788 436)
580 1749 600 1783 e
626 1760 701 1783 una
726 1749 951 1793 particolare
976 1749 1208 1794 espressione
1242 1748 1419 1784 Plautina.
1451 1749 1518 1784 che
1543 1749 1680 1785 ricorre

203 1805 320 1841 anche
346 1806 512 1848 altrove3
539 1807 603 1841 cfr.
629 1807 721 1842 Rud.
748 1808 780 1850 2,
816 1809 847 1849 7,
882 1808 926 1842 22
959 1809 1058 1842 eluas
1091 1813 1130 1842 tu
1158 1819 1207 1841 an
1239 1819 1420 1851 exunyare
1453 1810 1582 1843 ciccum
1610 1819 1682 1844 non

201 1865 408 1899 interduim.
433 1865 485 1899 La
509 1876 613 1909 prep.
639 1867 735 1900 inter
767 1865 807 1901 in
839 1868 1035 1900 interduim
1067 1865 1117 1900 ha
1145 1865 1181 1901 lo
1215 1867 1333 1901 stesso
1368 1865 1579 1909 significato
1613 1866 1680 1902 che

201 1920 334 1957 l'inter
359 1922 397 1957 di
421 1925 578 1957 interest.
612 1923 665 1958 La
696 1924 838 1960 lezione
865 1925 1060 1959 inter-duim
1093 1924 1125 1958 si
1159 1924 1251 1959 deve
1286 1924 1322 1959 al
1356 1923 1593 1960 Camerario:
1618 1925 1681 1960 nei

201 1980 321 2016 codici
346 1980 377 2015 si
403 1980 512 2024 legge
538 1982 844 2026 semplicemente
870 1984 1062 2016 interdum.
1089 2001 1133 2006 ——
1235 1981 1331 2016 995.
1358 1984 1416 2023 ad,
1442 1981 1499 2017 001
1524 1982 1680 2026 Merula,

200 2049 268 2082 per
290 2040 331 2073 id
355 2039 416 2074 dei
442 2040 571 2080 codici,
606 2040 669 2074 cfr.
700 2040 814 2074 Stich.
848 2039 916 2074 598
950 2041 1052 2074 iuben
1083 2041 1179 2074 domi
1212 2051 1333 2074 cenam
1369 2042 1469 2084 coqui
1499 2045 1602 2084 atque
1633 2043 1681 2075 ad

200 2097 304 2131 illum
328 2099 566 2132 renuntiari?
588 2118 634 2123 —
730 2097 826 2132 997.
853 2100 914 2142 qui
938 2103 969 2133 te
995 2099 1034 2132 di
1059 2097 1153 2133 eollo
1180 2097 1380 2142 scaligero,
1406 2109 1473 2142 per
1497 2110 1563 2142 quo
1587 2100 1627 2134 di
1650 2104 1683 2134 te

201 2154 263 2189 dei
288 2155 417 2196 codici,
444 2156 509 2191 cfr.
538 2168 574 2190 n.
605 2157 684 2191 923.
718 2177 763 2181 -—
882 2155 979 2191 998.
1014 2161 1327 2200 postquam-post,
1365 2156 1430 2191 cfr.
1454 2168 1490 2191 n.
1515 2157 1596 2192 417.
1633 2174 1680 2181 —

201 2211 318 2248 1002.
344 2216 585 2248 concenturiat
613 2213 626 2227 “
642 2214 853 2259 moltipliea
871 2242 885 2258 „
915 2216 934 2250 e
960 2215 1255 2259 un'espressione
1281 2214 1319 2249 di
1345 2214 1499 2250 colorito
1517 2225 1536 2250 e
1555 2214 1594 2249 di
1610 2214 1679 2250 ori-

200 2270 289 2316 gine
314 2272 509 2316 plautina;
537 2273 600 2307 cfr.
627 2273 761 2308 Pseud.
788 2274 818 2315 1,
844 2274 877 2315 5,
906 2273 973 2307 159
1005 2275 1091 2307 dum
1120 2274 1345 2307 concenturio
1377 2274 1416 2306 in
1449 2274 1553 2307 corde
1583 2285 1679 2308 suco-

197 2330 381 2374 phantias.
411 2348 448 2353 —
524 2330 641 2365 1003.
668 2343 773 2376 quam
798 2343 874 2366 rem
898 2336 981 2375 ayat
1010 2328 1022 2343 '⁴
1037 2331 1104 2366 che
1123 2330 1331 2374 significato
1349 2341 1507 2375 possano
1524 2342 1680 2375 avere„

202 2387 283 2423 0100
309 2388 376 2423 che
402 2401 489 2425 cosa
512 2389 541 2424 il
566 2389 748 2425 sicofante
775 2389 919 2425 volesse
944 2389 1061 2424 farne.
1087 2406 1131 2411 —
1225 2387 1342 2423 1005.
1368 2390 1443 2423 nisi
1466 2390 1528 2433 qui
1543 2402 1590 2417 =
1606 2391 1681 2424 nisi

201 2448 293 2491 quis,
319 2447 382 2482 cfr.
407 2459 444 2483 n.
471 2448 551 2483 257.
577 2466 621 2471 -
694 2447 810 2483 1006.
837 2447 924 2492 Egli
949 2458 1078 2491 seorge
1103 2447 1265 2482 Stasimo
1291 2447 1357 2482 che
1385 2458 1487 2483 corre
1511 2447 1552 2482 in
1578 2449 1680 2484 tutta

202 2504 319 2540 fretta
343 2516 449 2541 verso
476 2518 571 2541 casa.
610 2524 655 2529 —
775 2506 892 2541 1007.
929 2517 1141 2548 concessero,
1170 2516 1238 2550 per
1269 2507 1465 2547 concedam,
1494 2516 1600 2541 serve
1630 2505 1679 2540 ad

200 2563 370 2603 iudicare
394 2563 433 2601 la
457 2564 573 2603 fretta
608 2576 676 2604 con
714 2565 773 2605 cui
810 2565 842 2601 si
879 2564 1024 2613 compie
1061 2563 1216 2600 l'azione
1250 2574 1419 2609 espressa.
1455 2563 1517 2602 dal
1543 2563 1679 2608 verb03
