1872 2968
563 113 782 139 ‘rmmvnmvs
803 113 829 144 ι,
851 102 886 144 2,
911 101 1085 138 100-114
1518 102 1562 136 27

201 198 257 236 Vt
283 190 386 236 mihi
413 204 585 236 necesse
611 189 665 234 sit
694 194 776 233 iam
805 192 845 233 id
873 192 946 233 tibi
973 188 1249 257 concredere.

99 274 181 312 ΜΕ.
210 271 312 311 Mihi
341 269 448 321 quod
477 265 715 316 credideris,
745 265 883 308 ssimes
912 267 980 308 ubi
1010 263 1224 318 posiueris.
1490 267 1566 306 145

101 349 170 389 CA.
203 341 584 396 Circl’imspicodum
613 347 665 399 te,
694 340 841 394 nequis
869 343 976 382 adsit
1003 340 1163 383 arbiter

206 417 341 468 Nobis,
370 423 413 461 et
440 431 594 471 quaeso
621 417 843 458 identidem
883 413 1170 467 cir-cfimspice.
1199 439 1250 447 —
1491 445 1539 468 ΗΟ

102 501 181 539 ΜΕ.
210 492 408 537 Αιιεοὺηο
435 494 569 545 siquid
598 489 722 534 dieas,
776 494 849 532 CA.
878 492 918 532 Si
949 491 1101 539 taceas,
1136 493 1295 543 loquar.

205 571 404 619 Quoniam
434 565 533 609 hinc
561 572 623 609 est
652 562 917 623 profectxiru5
945 578 1122 620 peregre
1151 566 1408 615 Charmides,

205 640 496 686 Thensat'irum
525 641 828 683 demonstrauit
856 642 956 681 mihi
987 642 1027 680 in
1059 641 1173 681 hisce
1199 639 1382 697 aedibua
1493 643 1568 681 150

206 721 282 760 Hic
309 714 351 758 in
381 718 577 770 conclaui
600 710 777 767 quodam
805 738 859 746 —
885 717 957 756 sed
985 712 1261 766 circiimspice
1290 738 1341 745 —

455 774 468 795 x

100 852 187 887 144.
215 857 261 894 ut,
287 851 448 887 sebbene
473 850 537 894 gia
562 861 727 894 espresso
745 849 807 884 nel
826 861 857 883 v.
873 849 950 890 141,
971 849 1001 884 si
1019 851 1125 884 trova
1151 848 1214 893 qui
1241 849 1417 893 1·ipetu1;0‚
1435 850 1570 894 perche

99 911 126 945 il
154 910 274 955 primo
301 920 364 944 era
387 909 542 944 rimasto
567 910 700 952 troppo
725 907 877 943 lontano
904 907 966 942 dal
991 908 1103 942 verbo
1131 919 1152 942 a
1177 907 1235 941 cui
1261 907 1291 941 si
1317 907 1482 942 riferisce
1501 907 1570 947 (su-

101 970 219 1012 biyis):
254 968 318 1002 cfr.
345 967 449 1010 Capt.
475 979 510 1001 n.
537 966 616 1007 ⁸245,
643 966 725 1000 Aul.
753 966 818 1000 791
847 977 940 1000 nunc
965 970 996 1000 te
1022 966 1180 1006 obtestor,
1206 967 1343 1007 Euclio,
1369 970 1407 999 ut
1431 968 1464 999 si
1487 968 1572 1009 quid

101 1039 160 1070 eqo
185 1038 270 1069 crya
295 1029 326 1059 te
349 1026 558 1068 imprudens
568 1026 710 1067 peccavi
734 1028 795 1057 aut
810 1028 957 1067 ⁸enatam
983 1028 1090 1064 tuam,
1117 1029 1155 1057 ut
1181 1026 1228 1056 mi
1255 1026 1433 1067 {quoscum
1452 1035 1471 1058 e
1489 1023 1570 1058 Ter.

101 1084 248 1119 Phorm.
276 1083 342 1118 153
367 1084 477 1116 adeon
503 1094 577 1115 rem
607 1083 751 1124 redisse,
769 1083 884 1124 utqui
909 1082 996 1114 mihi
1013 1083 1209 1115 consultum
1236 1084 1362 1124 optime
1392 1083 1470 1115 velit
1488 1093 1571 1123 esse,

100 1143 290 1181 Phaedria,
309 1145 452 1184 patrem
479 1144 519 1172 ut
544 1141 778 1173 extimescam.
805 1154 849 1158 -·-
875 1141 913 1172 id
938 1140 1002 1172 tibi
1019 1141 1227 1173 concredere
1256 1141 1274 1173 e
1301 1151 1419 1174 [nesso
1446 1139 1485 1173 in
1511 1150 1571 1183 op-

99 1197 286 1243 posizione
311 1197 346 1231 al
372 1209 466 1231 meae
491 1196 550 1230 del
577 1209 610 1230 v.
638 1196 716 1230 141.
742 1212 786 1216 --
866 1195 952 1229 145.
979 1196 1008 1230 Il
1036 1199 1178 1231 secreto
1206 1197 1252 1231 da
1278 1197 1460 1231 confidare
1487 1196 1572 1231 vien

99 1253 332 1289 considerato
353 1264 455 1288 come
480 1265 529 1288 un
555 1253 649 1287 bene
676 1252 871 1287 materiale
899 1252 964 1287 che
991 1251 1021 1286 si
1049 1253 1096 1286 da
1121 1253 1159 1286 in
1186 1252 1366 1296 deposito.
1397 1253 1468 1287 Cfr.
1494 1253 1572 1287 Mil.

98 1312 130 1352 2,
156 1312 188 1354 2,
216 1312 259 1347 79
285 1309 456 1353 (consilia
480 1310 574 1345 mihi
600 1308 828 1351 concredita)
851 1312 951 1344 salva
976 1322 1091 1344 sumes
1114 1312 1281 1344 indidem.
1300 1313 1475 1354 —posici
1499 1312 1518 1345 e
1536 1310 1573 1344 la

98 1370 217 1404 forma
241 1369 279 1403 di
303 1369 464 1413 perfetto
493 1368 804 1404 esclusivamente
831 1369 1036 1412 adoperata
1054 1369 1101 1402 da
1118 1368 1250 1404 Plauto
1278 1380 1296 1403 e
1323 1369 1370 1403 da
1395 1369 1571 1404 Terenzio

97 1424 236 1472 (presso
262 1426 300 1461 di
325 1426 579 1470 quest'ultimo
606 1426 637 1461 si
663 1429 802 1461 notano
830 1427 1016 1461 ancorale
1035 1427 1151 1461 forme
1179 1428 1366 1461 contratte
1391 1429 1573 1471 adposisse

99 1485 210 1519 Andr.
236 1486 268 1526 4,
295 1485 326 1525 3,
355 1485 397 1518 14
423 1495 442 1519 e
468 1486 645 1528 adposisti
681 1486 715 1524 4,
750 1485 781 1525 3,
809 1484 890 1526 24):
930 1496 1013 1519 essa
1049 1485 1176 1519 deriva
1218 1485 1484 1520 direttamente
1525 1486 1572 1521 da

96 1545 247 1585 po·stno,
273 1553 294 1576 a
320 1541 377 1577 cui
399 1548 493 1586 pono
519 1544 635 1577 mette
662 1554 753 1586 capo
779 1554 846 1587 per
870 1542 906 1577 la
932 1543 1055 1577 trafila
1081 1543 1117 1577 di
1146 1541 1285 1586 *posna
1312 1542 1340 1577 Il
1367 1543 1458 1587 perf.
1490 1554 1570 1578 con·

96 1600 212 1634 tratto
238 1602 344 1643 posui
380 1600 411 1634 si
449 1601 557 1634 trova
590 1611 657 1644 per
693 1601 731 1634 la
768 1599 889 1644 prima
914 1600 1017 1635 volta
1054 1600 1257 1644 adoperato
1284 1601 1331 1635 da
1359 1599 1479 1635 Ennio
1517 1612 1570 1644 pr.

96 1656 208 1691 Prisc.
236 1657 296 1699 IV,
323 1669 357 1701 p.
385 1658 453 1692 223
480 1658 536 1700 H.,
562 1670 637 1693 una
661 1659 765 1693 volta
788 1659 835 1693 da
861 1658 964 1694 Lucr.
991 1660 1023 1700 6,
1041 1659 1084 1693 26
1104 1670 1123 1693 e
1150 1661 1206 1694 tre
1234 1658 1332 1694 volte
1360 1659 1407 1694 da
1425 1659 1570 1694 Catullo

97 1714 153 1755 47,
178 1714 220 1757 43
247 1715 303 1755 66,
330 1716 396 1758 64;
423 1716 477 1756 69,
504 1717 548 1750 2;
574 1717 635 1751 nei
662 1717 759 1751 versi
792 1716 970 1759 giambici
997 1717 1034 1750 fu
1061 1717 1263 1760 adoperato
1298 1728 1365 1761 per
1389 1716 1426 1751 la
1450 1716 1573 1761 prima

100 1771 201 1806 volta
229 1771 276 1806 da
301 1771 442 1808 Lucilio
468 1784 522 1816 pr.
549 1773 668 1808 Nonio
695 1785 729 1817 p.
756 1775 837 1809 496.
863 1792 905 1796 —
964 1773 1051 1808 146.
1079 1776 1172 1815 dum,
1200 1774 1262 1808 cfr.
1289 1786 1323 1808 n.
1352 1775 1407 1810 98.
1433 1790 1478 1795 —
1504 1777 1571 1809 cir-

98 1832 311 1872 cumspicere
336 1841 372 1863 se
384 1843 427 1857 =
439 1842 576 1874 spec-ere
589 1833 721 1865 circum
740 1843 785 1872 se,
804 1831 834 1865 si
853 1834 961 1866 trova
987 1833 1189 1876 adoperato
1204 1833 1252 1867 da
1265 1833 1397 1868 Plauto
1416 1844 1434 1868 e
1453 1833 1570 1868 anche

97 1886 145 1920 da
170 1886 242 1921 Cic.
270 1886 400 1921 parad.
426 1888 459 1928 4,
486 1887 519 1928 2,
545 1888 589 1922 30
624 1900 814 1932 »nunquam
851 1894 882 1923 te
907 1891 1182 1933 circumspicies.
1207 1890 1361 1926 Altrove
1390 1890 1418 1925 il
1444 1903 1476 1925 V.
1503 1893 1570 1925 cir-

96 1945 309 1987 cumspicere
342 1945 362 1978 e
395 1945 599 1988 adoperato
627 1946 674 1980 da
708 1946 840 1981 Plauto
867 1958 970 1982 come
995 1947 1247 1989 intransibivo,
1274 1949 1336 1982 cfr.
1364 1948 1465 1983 Trin.
1492 1949 1570 1990 151,

96 2000 174 2035 Mil.
198 2001 232 2044 4,
260 2001 290 2042 l,
315 2001 347 2041 9,
375 2002 483 2037 Most.
509 2003 540 2043 2,
568 2003 599 2044 2,
625 2005 681 2038 41.
713 2020 749 2026 -·
833 2004 920 2038 147.
948 2005 1101 2041 Callicle
1128 2006 1248 2040 invita
1274 2006 1515 2051 Megaronide
1548 2018 1571 2041 a

96 2060 194 2093 stare
219 2058 258 2092 in
282 2059 450 2102 guardia,
476 2061 610 2104 perche
637 2073 710 2096 non
736 2061 840 2097 siano
867 2062 1002 2106 spiati;
1031 2075 1049 2097 e
1076 2074 1150 2098 non
1177 2066 1352 2099 contento
1371 2063 1409 2098 di
1428 2063 1484 2099 cib
1510 2075 1571 2108 ag-

96 2115 246 2160 giunge,
273 2116 339 2152 che
364 2128 438 2152 non
465 2118 573 2153 basta
605 2119 672 2153 che
710 2119 784 2163 egli
822 2120 954 2163 guardi
993 2132 1068 2155 una
1101 2121 1203 2156 volta
1229 2122 1318 2164 sola,
1345 2133 1448 2157 come
1474 2122 1569 2157 forse

96 2185 214 2209 aveva
237 2174 301 2218 gia
326 2175 420 2210 fatto
447 2187 467 2210 ο
493 2177 600 2211 stava
624 2187 690 2221 per
716 2177 805 2218 fare,
832 2190 892 2212 ma
925 2179 1103 2214 conviene
1130 2180 1196 2214 che
1223 2179 1389 2214 continui
1420 2191 1441 2214 a
1464 2190 1571 2225 guar-

97 2232 186 2267 dare
211 2232 248 2266 di
274 2234 400 2276 tempo
426 2232 465 2267 in
490 2235 616 2277 tempo
636 2234 866 2278 (identidemn
885 2237 947 2270 cfr.
967 2237 1083 2271 anche
1099 2249 1131 2271 v.
1150 2238 1226 2271 151.
1249 2255 1284 2259 —
1337 2237 1423 2272 148.
1442 2239 1571 2282 siquid,

97 2289 162 2324 cfr.
187 2302 222 2324 n.
249 2290 305 2325 98.
339 2308 375 2312 —
412 2293 446 2324 εἰ
482 2296 598 2326 taceas
635 2293 772 2336 loquar,
800 2293 862 2327 cfr.
888 2306 924 2328 n.
949 2294 1029 2328 474.
1065 2312 1100 2317 -
1201 2295 1287 2329 149.
1321 2298 1487 2339 quoniam
1523 2296 1572 2331 ha

97 2347 276 2392 semplice
301 2348 511 2392 significato
538 2350 757 2394 temporale,
783 2351 847 2385 cfr.
864 2363 900 2385 n.
921 2352 975 2386 14.
992 2367 1037 2372 —
1051 2354 1294 2396 profecturus:
1321 2354 1358 2388 la
1383 2365 1485 2398 prep.
1502 2365 1572 2398 pro

31 2435 35 2439 .
97 2404 137 2439 in
163 2406 433 2450 composizione
459 2408 478 2442 e
505 2410 722 2452 computata
760 2420 800 2444 or
837 2421 940 2445 come
977 2410 1088 2445 breve
1115 2422 1134 2445 e
1161 2422 1202 2445 or
1227 2422 1330 2446 come
1356 2412 1480 2456 lunga,
1507 2413 1571 2447 cfr.

97 2465 260 2508 prlifiteri
284 2465 388 2509 Capt.
414 2465 483 2501 480
509 2466 546 2500 di
579 2466 756 2511 rimpetto
783 2479 804 2502 a
827 2470 990 2511 profiteri
1008 2469 1103 2503 Men.
1144 2469 1228 2510 643;
1257 2481 1275 2505 e
1302 2472 1374 2505 cosi
1403 2471 1461 2505 del
1488 2469 1570 2515 pari

96 2523 273 2565 proficisci
309 2523 347 2557 di
384 2523 560 2567 rimpetto
600 2536 621 2559 a
652 2527 835 2569 proficisci
859 2526 936 2560 Mil.
962 2527 995 2569 4,
1021 2527 1054 2568 8,
1083 2527 1135 2561 19.
1173 2545 1218 2550 -
1246 2540 1406 2573 per-cyre,
1445 2529 1507 2563 cfr.
1534 2541 1568 2562 n.

100 2589 240 2628 argum.
268 2582 299 2622 1.
324 2598 369 2604 -
407 2581 483 2618 151.
510 2584 668 2618 conclave
694 2585 713 2619 'e
738 2583 996 2633 l'espressione
1021 2585 1196 2630 generiea
1222 2598 1288 2635 per
1313 2587 1477 2624 indicare
1497 2598 1572 2626 una
