1818 2973
575 108 793 134 ’rmnvuxvs
816 108 865 140 w,
888 98 921 140 3,
943 97 1074 132 55-81
1510 96 1575 132 133

215 186 339 231 Certe
365 189 400 230 is
427 191 501 238 est,
521 190 556 229 is
575 187 648 237 est,
670 189 867 240 profecto.
899 199 924 228 o
952 185 1009 228 mi
1027 199 1100 229 ere
1119 181 1458 238 exoptatissume,
1514 217 1548 240 ,5

215 263 354 307 Salue.
426 268 500 306 Cn.
530 266 667 313 Salue,
697 262 886 305 Stasime.
958 266 1027 305 ΞΤ.
1055 264 1223 304 Saluom
1259 260 1340 303 te...
1381 264 1454 302 CH.
1483 263 1577 303 Scio

1265 337 1307 376 et
1335 332 1461 376 credo
1488 335 1576 375 tibi.

216 410 295 453 Sed
314 413 458 454 omitte
477 413 581 453 alia:
609 412 690 452 hoc
710 408 810 451 mihi
833 412 1056 462 responde:
1076 406 1194 452 liberi
1215 411 1313 461 quid
1331 407 1463 461 agunt
1481 410 1579 450 mei·

214 487 322 535 Quos
350 489 500 539 reliqui
529 489 599 528 hic
628 483 765 527 filium
791 490 917 537 atque
935 482 1096 527 filiam?
1150 488 1218 526 ΞΤ.
1237 484 1403 534 Viuont‚
1422 485 1577 526 valent.

1475 559 1577 598 1075

126 638 202 678 Cn.
230 635 389 688 Nempe
418 638 623 687 uterque?
677 638 744 676 ST.
772 632 970 686 Vterque.
1024 636 1098 675 Cn.
1117 635 1163 674 Di
1183 646 1250 676 me
1269 632 1428 675 saluom
1449 637 1491 675 et
1509 645 1578 675 ser

1242 701 1388 744 uatum
1415 705 1576 745 uolunt.

213 779 364 822 Cetera
396 781 509 821 intus
537 779 665 822 otiose
695 779 971 831 percontabor
1002 779 1109 831 quae
1137 781 1252 821 uolo:
1516 809 1550 834 ,ο

217 856 371 898 Eamus
398 858 529 898 intro:
559 855 750 909 sequere.
797 860 864 898 ΞΤ.
892 860 980 905 Quo
998 860 1043 897 tu
1073 854 1114 897 te
1142 857 1260 909 agis?
1288 858 1363 898 CH.
1390 859 1577 905 Quonam

1261 925 1339 969 nisi
1379 930 1577 970 domum?

111 1007 178 1046 ΞΤ.
207 1002 354 1047 Hicine
381 1016 456 1046 nos
483 1004 676 1046 habitare
704 1007 872 1046 censes?
937 1007 1011 1045 Cn.
1040 989 1217 1045 Vbinam
1246 1016 1322 1057 ego
1349 1005 1448 1046 alibi
1484 1002 1578 1046 cen-

1430 1079 1576 1118 seam?

113 1154 182 1194 ΞΤ.
210 1152 369 1194 Idm...
450 1155 524 1194 CH.
553 1153 657 1201 Quid
688 1154 839 1194 ‘iam'3
919 1156 987 1193 ST.
1014 1155 1106 1193 Non
1133 1149 1231 1193 sunt
1257 1155 1424 1194 nostrae
1451 1153 1577 1194 aedes

596 1222 712 1266 istae.
769 1228 842 1266 CH.
871 1227 976 1274 Quid
1009 1237 1085 1278 ego
1113 1237 1167 1267 ex
1196 1229 1237 1267 te
1267 1222 1418 1267 audio?
1475 1228 1577 1266 1080

108 1302 182 1342 ΞΤ.
210 1297 407 1341 Vendidit
426 1303 518 1342 tuos
536 1300 687 1353 gnatus
713 1302 840 1342 aedis.
895 1304 969 1342 CH.
997 1299 1121 1341 Perii.
1176 1304 1243 1342 ΞΤ.
1272 1300 1576 1342 Praesentariis

212 1359 386 1428 Argenti
414 1372 536 1416 minis
563 1377 806 1417 numeratis.
879 1379 952 1417 Cn.
981 1375 1116 1425 Quot?
1182 1379 1250 1416 ΞΤ.
1278 1377 1576 1428 Quadraginta.

1243 1455 1318 1493 Cn.
1345 1436 1497 1495 bocidi.
1514 1483 1547 1506 ⁷⁵

214 1522 313 1574 Quis
341 1537 412 1567 eas
440 1527 570 1567 emit?
624 1529 690 1567 ΞΤ.
720 1526 921 1575 Callicles,
951 1527 1046 1578 quoi
1067 1526 1182 1568 tuam
1201 1539 1292 1569 rem
1312 1528 1577 1570 commenda-

1427 1610 1575 1640 ueras:

211 1654 249 1710 I⁷s
277 1670 510 1711 habitatum
539 1671 625 1712 huc
652 1670 944 1723 commigrauit
972 1671 1126 1723 nosque
1154 1669 1399 1714 exturbauit
1425 1674 1548 1715 foras.

106 1747 182 1786 Cn.
210 1730 285 1785 Vbi
302 1757 415 1786 nunc
431 1742 540 1786 filius
556 1758 674 1787 meus
688 1747 873 1787 habitat?
914 1750 981 1787 ΞΤ.
997 1745 1073 1788 Hic
1089 1750 1130 1788 in
1146 1748 1227 1789 hoc
1247 1744 1460 1800 posticulo.
1473 1751 1576 1789 1085

105 1823 179 1860 Cn.
210 1819 317 1862 Male
336 1821 516 1872 disperii.
572 1823 638 1861 ΞΤ.
667 1819 831 1862 Credidi
853 1833 979 1874 aegre
1000 1819 1071 1862 tibi
1093 1824 1144 1870 id,
1163 1824 1232 1863 ubi
1252 1821 1448 1873 audisses,
1471 1824 1574 1865 sore.

104 1898 178 1937 Cn.
205 1890 290 1948 Ego
319 1893 579 1937 miserrumis
607 1897 774 1947 periclis
801 1894 892 1936 sum
921 1908 997 1947 per
1026 1898 1158 1938 maria
1188 1897 1386 1939 maxuma
1514 1928 1547 1951 ,0

209 1968 381 2017 vectus,
411 1966 580 2021 capitali
609 1971 771 2022 periclo·
795 1969 871 2022 per
899 1973 1130 2022 praedones
1149 1969 1364 2024 plurumos

105 2075 275 2117 ambros„
299 2087 366 2120 per
390 2078 491 2120 ipsus
515 2076 575 2111 dei
601 2077 718 2112 codici
743 2077 913 2121 palatini.
939 2098 985 2105 —
1045 2078 1160 2114 1073.
1187 2082 1318 2115 salz-om
1343 2086 1396 2117 te:
1423 2081 1453 2116 si
1479 2093 1574 2118 com·

104 2133 199 2178 pleti
223 2133 481 2178 l'espressione
507 2134 602 2169 sulla
629 2138 750 2170 scona.
774 2136 834 2170 del
861 2149 893 2170 v.
922 2136 1022 2179 1097,
1049 2137 1127 2172 scil.
1153 2140 1335 2173 advenisse
1356 2143 1501 2183 gaudeo.
1527 2160 1574 2167 —

103 2191 219 2227 1076.
245 2204 375 2235 nempe,
403 2192 466 2226 cfr.
495 2204 530 2227 n.
562 2193 638 2227 196.
666 2213 710 2218 —
823 2193 938 2228 1077.
965 2199 1093 2230 otiose:
1131 2196 1194 2231 nel
1230 2197 1403 2242 palimps.
1437 2203 1572 2243 otiosse,

103 2250 168 2285 cfr.
193 2262 228 2284 n.
255 2249 310 2292 37,
341 2247 355 2262 ⁸
373 2261 441 2285 con
467 2251 631 2293 comodo,
658 2263 679 2286 a.
705 2251 855 2296 miglior
879 2253 964 2296 agio
982 2277 1010 2296 ,.
1042 2271 1078 2276 —
1154 2253 1269 2289 1078.
1295 2268 1415 2292 eamus
1439 2259 1459 2293 e
1477 2269 1573 2294 com-

103 2310 235 2352 putato
260 2319 363 2343 come
390 2308 564 2344 bisillabo
590 2321 657 2353 per
682 2309 840 2345 sinizesi.
871 2328 907 2333 —
944 2323 1009 2355 quo
1034 2316 1082 2354 tu,
1109 2312 1166 2347 coi
1192 2314 1295 2348 codd.
1309 2314 1481 2359 palatini,
1506 2328 1574 2361 per

103 2377 254 2409 quonam
279 2371 317 2401 tu
353 2366 414 2401 del
447 2366 619 2412 palimps.
653 2368 823 2410 ambros„
857 2369 949 2404 dove
975 2382 1059 2404 nam
1084 2371 1103 2405 ὲ
1129 2371 1309 2415 aggiunto
1336 2372 1398 2408 dal
1421 2385 1573 2418 quonam

103 2423 321 2459 successivo.
351 2442 387 2447 —
440 2424 556 2460 1080.
584 2428 658 2460 iam
687 2423 700 2438 ⁸
719 2437 783 2461 ora.
800 2454 828 2469 ,.
856 2445 898 2450 —
925 2429 1010 2471 quid
1038 2425 1051 2441 ⁸
1070 2440 1172 2463 come
1190 2456 1218 2472 „.
1245 2449 1291 2455 —
1338 2430 1444 2467 1081.
1464 2445 1572 2477 prae-

101 2483 283 2516 centurius
306 2483 327 2517 e
351 2493 401 2517 un
427 2494 510 2527 agg.
537 2483 665 2519 affatbo
691 2484 874 2528 plautino,
900 2485 966 2520 che
993 2486 1162 2530 significa
1190 2486 1203 2499 ⁸
1221 2491 1358 2532 pagato
1384 2501 1407 2525 a
1439 2491 1571 2526 danari

101 2539 281 2583 conta-nti,
306 2542 569 2584 prontamente
587 2569 601 2585 ,
615 2553 625 2585 ς
651 2543 715 2577 cfr.
734 2543 839 2578 Most.
859 2544 938 2585 361,
957 2544 1035 2579 913.
1061 2563 1107 2569 —-
1155 2544 1270 2581 1083.
1296 2559 1383 2590 rem,
1408 2548 1474 2584 cfr.
1492 2549 1570 2591 114,

101 2596 183 2635 230.
208 2617 254 2624 —
309 2597 425 2633 1086.
452 2602 589 2635 credidi
616 2598 630 2614 “
648 2601 684 2636 io
702 2601 738 2636 lo
756 2613 891 2645 sapevo
909 2630 938 2644 ‚.
970 2620 1006 2625 —
1058 2602 1174 2639 1088.
1192 2607 1341 2649 capitali
1347 2607 1484 2651 periclo
1500 2607 1573 2642 rin·

663 2710 736 2732 W-..
