1818 2973
482 94 701 122 'ramvuuvs
723 95 762 125 ιι.
785 83 819 125 1,
839 82 990 124 31-38;
1017 82 1051 123 2,
1075 80 1163 115 1-9
1509 78 1556 113 43

577 257 753 294 PnlLTo.
808 255 1064 295 LVSITELES.

88 395 162 432 ΡΗ.
190 394 278 440 Quo
305 386 390 431 illic
419 390 543 430 homo
573 388 681 429 foras
708 399 753 428 se
782 386 1020 438 penetre'luit
1049 397 1103 427 ex
1130 382 1328 426 aedibus?

89 470 164 509 LV.
191 469 329 512 Pater,
358 464 525 508 edsum:
555 463 720 514 quiduis
748 459 920 513 impera,

192 543 337 591 Neque
366 536 437 579 tibi
467 550 541 580 ero
570 539 612 578 in
641 549 770 583 mora,
800 548 936 587 neque
966 536 1172 576 letebrose
1449 534 1557 572 278a

191 618 257 655 Me
285 617 356 655 abs
385 613 456 654 tuo
484 616 706 663 conspectu
738 608 968 652 occultabo.
1452 608 1556 646 2780

88 693 164 730 ΡΗ.
192 689 361 730 Feceris
390 687 466 740 pair
494 689 577 728 tuis
605 686 758 727 ceteris
786 685 918 733 fectis,

192 763 360 805 Patrem
389 767 504 803 tuom
532 764 567 803 si
595 761 785 813 percoles
814 760 888 812 per·
917 762 1129 812 pietatem.
1479 759 1558 797 280

192 838 295 879 Nolo
323 850 399 890 ego
427 850 522 879 cum
551 835 749 888 improbis
777 835 819 877 te
847 837 963 882 uiris,
993 835 1118 887 gneite
1148 836 1216 882 mi,

87 915 233 964 Neque
261 909 303 953 in
333 915 399 953 uia
431 925 566 963 neque
594 910 637 952 in
667 913 754 952 foro
782 909 994 952 necullum
1023 922 1257 951 sermonem
1288 907 1474 961 exsequi.
1517 939 1533 962 5

192 987 299 1028 Noui
326 1000 403 1040 ego
432 989 512 1029 hoc
539 987 766 1035 saeculum,
796 985 980 1026 moribus
1008 982 1156 1036 quibus
1193 987 1291 1026 siet:

193 1061 328 1103 Malus
356 1064 507 1103 bonum
537 1064 694 1102 malum
724 1060 814 1102 esse
843 1063 941 1109 uolt,
973 1064 1018 1100 ut
1046 1056 1098 1100 sit
1127 1062 1190 1100 sui
1220 1057 1383 1100 similis:

195 1135 395 1183 Turbz'mn
426 1137 602 1176 miscent
624 1133 760 1175 mores
789 1137 899 1182 mali,
922 1134 1067 1185 rapzix,
1088 1146 1257 1182 auarus,
1278 1130 1463 1174 inuidus:
1483 1135 1562 1173 285

194 1208 368 1251 Sacrum
384 1202 621 1261 profanum,
636 1206 845 1261 publicum
870 1208 1079 1260 priua'ltum
1102 1210 1270 1256 habent,
1287 1205 1427 1249 hiulca
1446 1220 1560 1260 gens.

89 1288 202 1327 Haec
230 1285 305 1338 ego
333 1287 461 1334 doleo,
492 1286 598 1326 haec
625 1289 723 1325 sunt
762 1284 868 1335 quae
911 1297 975 1325 me
1018 1286 1278 1332 excruciant,
1452 1285 1559 1323 287α

91 1455 244 1490 accanto
270 1466 292 1489 a
318 1456 448 1498 mayis;
474 1454 501 1489 il
528 1454 648 1499 primo
674 1455 694 1490 e
722 1465 841 1490 messo
859 1453 898 1488 in
916 1453 1101 1488 relazione
1121 1464 1188 1488 con
1201 1454 1337 1497 probis,
1356 1453 1383 1487 il
1402 1452 1560 1488 secondo

90 1512 208 1553 forma
233 1525 285 1547 un
310 1515 480 1548 concetto
506 1512 583 1548 solo
611 1524 679 1548 con
704 1514 817 1548 lubet:
845 1513 907 1548 cfr.
934 1512 1036 1546 Asin.
1064 1513 1095 1552 3,
1123 1512 1154 1552 3,
1174 1512 1217 1545 39
1236 1514 1348 1554 maqis
1364 1513 1562 1545 decorumst

89 1571 254 1604 libertum
276 1573 394 1614 potius
419 1583 523 1615 quam
545 1576 739 1614 patronum
764 1583 854 1606 onus
880 1573 916 1605 in
942 1573 999 1604 via
1020 1576 1179 1614 portare.
1212 1587 1248 1592 -
1348 1568 1444 1603 275.
1462 1570 1562 1603 vani—

90 1628 495 1670 ᾱὶοἰεΞμωρολόγοιςς
523 1629 586 1664 cfr.
613 1631 848 1670 blandidicus,
880 1631 1111 1672 maynidicus,
1137 1630 1339 1671 falsidicus,
1364 1629 1562 1662 saeridicus

89 1684 210 1728 (Ter.)‚
235 1687 421 1720 veridicus.
448 1704 492 1709 —
565 1686 659 1722 276.
686 1688 840 1722 Lisitele
867 1699 1004 1731 espone
1031 1687 1066 1721 al
1093 1687 1207 1730 padre
1233 1686 1261 1720 il
1287 1697 1350 1720 suo
1377 1685 1561 1720 desiderio

91 1743 130 1776 di
154 1743 292 1787 pigliar
316 1744 465 1786 moglie,
484 1755 502 1779 e
521 1745 643 1788 questi
660 1745 713 1788 gli
731 1747 914 1789 promette
933 1745 970 1779 di
988 1745 1213 1779 domandare
1232 1755 1298 1788 per
1323 1743 1376 1778 lui
1400 1744 1437 1778 la
1451 1754 1561 1778 mano

91 1801 191 1835 della
215 1801 352 1835 sorella
387 1801 425 1835 di
463 1802 676 1837 Lesbonico.
714 1823 759 1827 —
795 1815 831 1837 se
860 1808 1051 1846 penetrare
1084 1804 1102 1836 e
1141 1802 1437 1845 un'espressione
1463 1801 1562 1837 assai

91 1858 218 1893 usuale
244 1858 282 1892 in
307 1859 452 1899 Plauto,
479 1860 542 1894 cfr.
569 1861 648 1903 291,
675 1861 766 1895 314:
803 1867 990 1904 penetrare
1024 1861 1054 1895 si
1087 1863 1192 1895 trova
1229 1860 1430 1903 adoperato
1457 1871 1561 1894 come

91 1916 202 1951 verbo
227 1916 426 1951 transitivo
453 1918 569 1952 anche
594 1918 633 1952 in
658 1918 754 1953 Men.
780 1920 861 1958 400,
886 1919 966 1960 815,
993 1930 1012 1953 e
1039 1929 1142 1954 come
1169 1930 1200 1953 v.
1227 1918 1462 1953 intransitivo
1493 1918 1562 1952 sol-

90 1975 196 2008 tanto
221 1973 260 2007 in
287 1974 417 2008 Bacch.
444 1975 500 2009 66.
526 1995 571 1999 —
595 1987 702 2019 neque
719 1977 783 2009 tibi
807 1987 866 2010 ero
892 1978 930 2010 in
956 1989 1057 2011 mora
1087 1975 1098 1988 “’
1117 1988 1190 2011 non
1210 1976 1239 2010 ti
1257 1975 1336 2010 faro
1355 1976 1562 2019 indugiare,

91 2031 224 2074 perder
247 2033 373 2076 tempo
390 2059 418 2074 ,.
447 2049 487 2054 -—
562 2031 656 2066 279.
678 2045 754 2077 par
783 2031 796 2045 “
815 2033 853 2067 in
880 2034 1187 2078 corrispondenza
1205 2060 1233 2076 ,,.
1260 2051 1303 2056 -
1366 2033 1461 2068 282.
1487 2045 1561 2068 nec-

91 2090 212 2131 ullum,
239 2089 299 2124 nel
329 2090 500 2134 palimps.
521 2092 709 2134 nequllum,
737 2091 909 2135 equivale
937 2104 958 2126 a
982 2094 1144 2133 nummu
1172 2093 1234 2126 cfr.
1263 2086 1366 2135 Capt.
1395 2092 1461 2126 104
1489 2103 1561 2125 nec—

93 2148 201 2181 ullast
217 2159 296 2190 spes
318 2150 509 2182 iuventutis
534 2159 552 2183 e
580 2148 683 2183 Lucr.
709 2150 741 2189 5,
760 2150 827 2184 839
854 2156 1038 2184 nec-utrum
1052 2164 1096 2176 =
1111 2155 1287 2184 neutrum.
1307 2149 1358 2184 La
1386 2149 1564 2193 negativa

92 2217 152 2240 nec
177 2205 208 2239 si
233 2208 340 2240 trova
365 2205 568 2249 adoperata
599 2217 622 2240 a
654 2207 732 2241 fare
766 2206 801 2242 le
828 2208 909 2242 veci
934 2208 971 2242 di
996 2220 1065 2243 non
1093 2209 1209 2242 anche
1235 2208 1273 2241 in
1299 2210 1480 2249 necotium,
1507 2219 1563 2242 ne·

92 2264 269 2306 cleqentia,
287 2266 513 2306 necopinum,
539 2275 598 2298 res
611 2276 671 2298 nec
689 2267 846 2309 mancip-i
863 2267 931 2300 etc.
949 2283 995 2288 —
1013 2278 1205 2300 sermonem
1232 2269 1372 2308 exsequi
1407 2262 1420 2277 ⁸
1439 2276 1564 2300 cercar

92 2320 130 2355 la
143 2322 426 2356 conversazione
440 2349 467 2364 „‚
483 2322 545 2356 cfr.
561 2322 629 2357 686
643 2328 824 2366 eyestatem
838 2326 979 2368 exsequi
990 2337 1034 2350 =
1046 2326 1134 2367 pati,
1151 2324 1256 2367 Capt.
1274 2324 1338 2358 195
1353 2335 1564 2358 aerumnam

92 2381 244 2423 exsequi.
269 2399 314 2404 —
433 2379 529 2415 283.
564 2381 626 2414 hoc
662 2383 840 2415 saeculum
881 2379 894 2394 ⁸
916 2382 954 2416 la
990 2382 1234 2425 generazione
1271 2387 1445 2425 presente
1463 2409 1492 2424 „.
1519 2402 1560 2407 —

92 2435 188 2470 285.
214 2448 330 2472 mores
354 2439 373 2472 e
399 2449 482 2482 ogg.
508 2438 546 2472 di
572 2441 726 2473 miscent.
754 2459 798 2463 —
822 2442 931 2474 mali:
966 2440 978 2474 i
1012 2440 1144 2475 cattivi
1177 2451 1266 2475 sono
1296 2439 1408 2475 divisi
1433 2440 1473 2474 in
1504 2442 1562 2475 tre

93 2495 303 2539 categorie:
329 2507 458 2539 rapax,
485 2508 628 2537 avarus,
653 2499 808 2532 invidus.
835 2515 877 2520 —
942 2496 1038 2532 286.
1056 2499 1181 2533 habent
1202 2495 1462 2542 ‘rigum-dano,
1481 2508 1563 2533 con·

91 2551 262 2588 siderano
284 2579 313 2596 ,.
339 2572 383 2577 —
408 2555 526 2589 hiulca
549 2566 643 2598 qens,
670 2557 783 2599 gente
809 2555 920 2590 avida
957 2556 996 2590 di
1029 2556 1179 2599 danaro,
1217 2557 1283 2592 che
1323 2559 1381 2592 sta
1418 2567 1563 2600 sempre

615 2677 639 2690 Q
