1818 2973
229 72 277 108 70
819 83 857 108 Μ.
883 82 966 109 Aac!
989 81 1122 109 emur!

231 157 481 203 ST.'Mir1’1m
510 161 610 213 quin
637 164 683 202 tu
713 162 785 202 illo
812 160 951 202 tecum
981 160 1150 203 diuitias
1177 163 1317 203 feras:
1626 165 1705 204 495

336 238 414 277 Vbi
445 235 630 278 mortuos
657 238 724 285 sis,
753 232 811 278 ita
840 236 896 275 sis
925 238 971 276 ut
999 235 1150 277 nomen
1179 238 1305 278 cluet.
1644 267 1679 291 ,5

232 315 307 353 ΡΗ.
336 315 458 354 Nunc
485 309 531 353 1'1t
559 313 666 352 scias
694 312 765 352 hic
792 310 993 353 sactiones
1020 310 1148 363 atque
1176 323 1276 363 opes

335 390 428 428 Non
455 388 546 428 esse
575 398 711 437 neque
738 398 813 426 nos
842 385 957 426 tuam
987 388 1212 438 neglegere
1239 385 1439 438 gratiam:

338 464 435 503 Sine
464 461 558 502 dote
586 472 709 512 posco
737 459 852 500 tuam
881 473 1070 502 sororem
1099 457 1197 510 silio,

335 541 450 586 Quae
479 535 547 577 res
575 538 679 577 bene
709 539 861 577 uortat.
891 535 1055 578 habeon
1075 539 1272 588 pactam?
1300 533 1399 588 quid
1428 540 1573 580 taces?
1627 540 1707 578 500

232 616 299 654 ST.
329 616 409 653 Pro
438 614 477 652 di
506 608 775 660 immortales,
805 612 1092 653 condicionem
1121 611 1269 663 quoius
1298 615 1427 654 modi!
1629 644 1678 668 ‚00

231 692 306 729 ΡΗ.
336 689 442 736 Quin
473 687 663 728 fabulare
693 683 758 727 ‘di
786 689 892 729 bene
920 691 1113 728 uertant:
1142 688 1384 739 spondeo’?

233 766 299 804 S'r.
332 759 459 811 Eheu,
491 763 558 803 ubi
589 774 688 803 usus
717 764 775 802 nil
804 762 898 803 erat
926 763 1048 811 dicto,
1080 764 1312 815 ‘spondeo’

338 837 528 879 Dicebat:
558 849 671 878 nunc
699 839 781 886 hic,
811 850 936 889 quom
964 837 1066 889 opus
1094 842 1168 886 est,
1199 851 1282 879 non
1311 841 1401 890 quit
1428 836 1582 882 dicere.

231 916 306 954 LE.
333 917 462 962 Quom
491 909 711 954 adfinitate
739 912 880 954 uestra
912 925 978 954 me
1006 913 1269 954 arbitramini
1627 918 1706 957 505

337 991 527 1041 Dignum,
558 988 692 1029 habeo
720 990 848 1036 uobis,
879 984 1028 1036 Philto,
1058 1000 1253 1041 magnam
1281 989 1476 1042 gratiam.
1630 1021 1681 1044 ,05

232 1121 336 1146 verse
362 1109 470 1145 classi
498 1109 537 1144 in
563 1109 623 1145 cui
647 1109 685 1144 la
710 1109 966 1144 cittadinanza
991 1120 1055 1144 era
1079 1109 1210 1145 divisa.
1240 1127 1277 1132 —
1313 1111 1548 1145 Acheruntem
1569 1111 1618 1146 ha
1642 1122 1710 1156 per

231 1169 387 1212 bisogno
425 1168 486 1202 del
522 1170 644 1203 metro
682 1168 732 1202 l'a
767 1168 894 1211 lunga.
924 1185 960 1190 -—
991 1173 1150 1202 mortuos
1178 1165 1191 1180 ⁸
1209 1168 1306 1212 dopo
1332 1168 1399 1203 che
1426 1171 1445 1204 e
1469 1171 1591 1204 morto
1608 1196 1637 1212 ,,.
1662 1186 1709 1192 --

231 1226 328 1261 495.
354 1229 487 1261 mirum
511 1228 597 1270 quin
626 1224 673 1261 “e
699 1228 825 1261 strano
853 1237 872 1260 e
896 1226 1067 1261 doloroso
1093 1226 1160 1260 che
1184 1228 1226 1261 tu
1251 1238 1326 1261 non
1350 1227 1472 1262 debba
1496 1227 1656 1272 portarti
1672 1227 1707 1263 le

230 1288 294 1320 tue
313 1285 498 1320 ricchezze
524 1285 642 1319 anche
668 1284 856 1320 nell'altro
883 1285 1019 1319 mondo
1038 1312 1065 1327 „.
1093 1285 1145 1319 La
1167 1285 1264 1319 frase
1290 1285 1340 1319 ha
1364 1296 1511 1330 sempre
1537 1297 1588 1320 un
1613 1285 1709 1321 colo·

228 1344 302 1379 rito
328 1343 468 1379 ironico
496 1355 516 1378 e
541 1343 752 1387 significato
770 1342 948 1386 negativo
959 1355 967 1383 ;
993 1345 1138 1377 mentre
1157 1343 1193 1377 al
1211 1343 1397 1378 contrario
1414 1343 1449 1377 le
1467 1343 1559 1378 frasi
1576 1346 1709 1378 mirum

230 1404 271 1436 ni
295 1413 315 1437 ο
341 1403 472 1436 mirum
499 1407 550 1435 est
574 1404 614 1435 ni
636 1399 714 1442 (cfr.
742 1400 847 1445 Capt.
872 1402 905 1441 4,
932 1401 964 1442 2,
991 1401 1036 1434 44
1062 1412 1080 1436 e
1108 1401 1208 1435 Trin.
1233 1401 1326 1443 861),
1361 1401 1428 1436 che
1458 1401 1708 1446 equivalgono

230 1459 472 1494 all'avverbio
499 1459 654 1494 classico
681 1461 864 1499 nimirum,
890 1459 965 1493 han
991 1470 1137 1502 sempre
1164 1459 1373 1503 significato
1400 1459 1647 1496 affermativo.
1667 1477 1705 1484 —

231 1518 326 1552 496.
354 1523 392 1552 ut
415 1529 540 1551 nomen
564 1519 664 1559 cluet,
691 1517 770 1552 cioe
800 1515 813 1529 “
832 1517 1033 1558 fortunato,
1059 1517 1169 1552 felice
1187 1544 1216 1560 „.
1247 1535 1284 1540 -
1311 1520 1365 1552 ita
1389 1519 1442 1552 sis
1467 1518 1627 1562 esprime
1657 1530 1709 1553 un

231 1576 399 1620 augurio,
425 1577 489 1611 cfr.
519 1588 554 1610 n.
574 1576 642 1610 309
669 1587 688 1611 e
715 1576 794 1611 620.
825 1593 860 1598 -
915 1575 1083 1610 497-98.
1110 1577 1167 1610 hic
1192 1587 1262 1611 non
1287 1588 1359 1611 esse
1387 1574 1401 1588 ⁴‘
1419 1587 1487 1612 con
1511 1576 1574 1612 noi
1598 1575 1711 1620 (apud

229 1635 309 1675 nos)
333 1646 407 1669 non
432 1634 463 1668 si
488 1636 618 1675 tratta,
643 1645 719 1669 non
743 1635 763 1668 e
788 1633 852 1677 gia
877 1634 1074 1678 questione
1097 1660 1125 1676 „,
1152 1645 1224 1669 ecc.
1255 1651 1292 1657 —
1320 1635 1499 1677 neyleyere
1518 1631 1531 1647 “
1550 1633 1710 1678 disprez·

230 1704 325 1735 zare,
350 1695 480 1728 tenere
506 1692 545 1727 in
569 1704 708 1727 nessun
733 1694 842 1727 conto
861 1718 889 1735 „.
919 1712 956 1717 —
1057 1691 1152 1726 500.
1185 1704 1274 1736 quae
1298 1703 1357 1726 res
1381 1693 1463 1726 bene
1487 1697 1613 1734 vortat,
1638 1692 1709 1726 for—

231 1752 332 1787 mola,
369 1751 406 1785 di
442 1750 611 1795 augurio,
646 1751 710 1785 cfr.
740 1763 770 1785 V.
801 1750 870 1785 572
897 1761 916 1785 e
942 1749 1011 1785 502
1037 1761 1056 1785 e
1082 1750 1163 1784 Ter.
1191 1750 1280 1784 Hec.
1307 1750 1374 1784 196
1400 1752 1439 1783 di
1463 1755 1606 1784 vortant
1629 1751 1711 1785 bene

231 1811 323 1853 quod
347 1821 443 1853 dyas.
469 1826 516 1831 —
550 1814 703 1853 pactam,
742 1810 827 1844 sott.
863 1820 937 1843 rem
968 1819 989 1843 o
1014 1808 1154 1853 meglio
1181 1819 1361 1849 sororem3
1389 1808 1453 1843 cfr.
1479 1808 1592 1843 Poen.
1618 1809 1650 1851 5,
1677 1809 1710 1851 3,

231 1867 293 1901 38:
320 1868 387 1910 Ag.
417 1869 529 1901 Tuam
549 1868 637 1901 mihi
661 1868 833 1901 maiorem
844 1868 958 1909 filiam
983 1867 1211 1910 despondeas.
1230 1865 1297 1900 Ha..
1316 1867 1461 1900 Pactam
1485 1877 1561 1900 rem
1577 1867 1710 1902 habeto.

232 1926 299 1969 Ag.
330 1927 532 1968 Spondesne
563 1928 708 1967 iyit-ur?
743 1925 811 1959 Ha.
846 1926 1019 1968 Spondeo.
1046 1941 1093 1947 —
1189 1923 1274 1957 501.
1306 1935 1379 1968 pro
1413 1925 1451 1958 di
1479 1926 1711 1967 immortales,

232 1984 296 2018 cfr.
321 1996 357 2018 n.
384 1984 465 2018 591.
492 2001 533 2005 —
561 1985 785 2027 quoiusmodi
809 1984 829 2017 e
855 1982 1054 2023 trisillabo,
1080 1993 1100 2017 e
1127 1993 1173 2016 va
1197 1981 1289 2017 letto
1308 1992 1330 2016 a
1347 1993 1397 2016 un
1413 1981 1580 2025 dipresso
1606 1993 1710 2017 come

232 2053 270 2076 se
297 2042 327 2077 si
353 2042 532 2077 scrivesse
559 2043 767 2085 quoismodi.
792 2057 838 2063 --
911 2039 1007 2074 503.
1033 2044 1111 2075 erait
1128 2051 1202 2074 non
1219 2040 1256 2074 fa
1271 2039 1471 2084 posizione,
1490 2040 1553 2075 cfr.
1571 2040 1711 2076 Introd.

232 2101 341 2144 Capt.
365 2099 622 2134 XXXVIII.——-
635 2101 730 2140 eheu,
758 2110 862 2134 come
879 2098 1134 2140 interiezione‚
1153 2110 1228 2133 non
1247 2099 1266 2132 e
1285 2100 1460 2142 soggetta
1477 2097 1711 2141 all'elisione,

232 2158 296 2193 cfr.
323 2171 358 2193 n.
386 2158 464 2192 158.
491 2176 534 2180 -
560 2159 736 2201 spondeo:
763 2156 924 2192 Stasimo
951 2157 1100 2192 scherza
1113 2156 1170 2192 sul
1188 2156 1324 2201 doppio
1351 2156 1560 2200 significato
1578 2156 1645 2192 che
1662 2157 1712 2191 ha

230 2217 270 2251 in
295 2216 362 2252 lat.
388 2216 414 2250 il
442 2216 554 2251 verbo
595 2217 760 2259 spondeo,
787 2227 806 2250 e
845 2215 875 2249 si
911 2214 1134 2259 maraviglia
1170 2215 1238 2250 che
1276 2214 1481 2250 Lesbonico
1519 2214 1576 2249 sia
1612 2216 1712 2250 stato

232 2277 309 2309 cosi
333 2276 468 2319 pronto
503 2285 525 2309 a
561 2274 640 2309 dire
673 2276 838 2317 spondw,
865 2273 944 2308 cioe
974 2271 987 2285 ⁴⁶
1005 2273 1219 2317 garantisco
1237 2299 1266 2316 „‚
1292 2273 1441 2316 quando
1467 2273 1498 2307 si
1522 2274 1641 2308 trattb
1672 2272 1712 2308 di

233 2333 388 2376 perdere
413 2332 449 2368 le
475 2332 579 2367 mille
606 2332 775 2367 dramme
800 2332 877 2372 (cfr.
898 2343 929 2366 v.
948 2330 1042 2374 427),
1061 2333 1205 2366 mentre
1223 2342 1288 2366 ora
1304 2331 1435 2366 invece
1460 2331 1527 2366 che
1544 2331 1575 2366 si
1593 2332 1714 2366 tratta.

233 2391 321 2425 d'un
347 2390 460 2425 affare
488 2390 735 2434 vantaggioso
760 2390 856 2425 esita
881 2390 944 2425 nel
969 2389 1215 2434 pronunziare
1241 2390 1280 2424 la
1304 2391 1424 2424 stessa
1447 2389 1588 2433 parola,
1607 2389 1674 2425 che
1692 2391 1712 2425 ὲ

232 2449 444 2484 necessaria
480 2461 548 2493 per
585 2449 807 2484 concludere
845 2449 873 2483 il
911 2447 1154 2483 matrimonio
1193 2447 1232 2482 di
1269 2447 1422 2482 Lisitele
1457 2459 1525 2482 con
1558 2459 1626 2482 sua
1655 2459 1713 2482 so-

234 2505 339 2539 rella.
363 2521 410 2527 -·
507 2504 602 2539 504.
628 2506 742 2539 hic=
758 2506 798 2538 in
815 2504 881 2538 hac
897 2516 957 2545 re;
985 2503 1050 2538 cfr.
1076 2502 1183 2548 Epid.
1210 2503 1242 2544 2,
1269 2503 1302 2544 2,
1329 2504 1395 2538 117
1422 2508 1472 2538 est
1490 2504 1631 2537 lucrum
1655 2504 1714 2538 hic

233 2564 299 2598 tibi
323 2563 493 2607 amplum,
520 2563 631 2598 Merc.
658 2563 691 2606 2,
718 2563 751 2605 2,
777 2562 821 2597 36
847 2563 1011 2606 ludificas
1037 2574 1130 2597 nunc
1155 2566 1191 2596 tu
1218 2573 1270 2596 me
1286 2562 1354 2597 hic.
1372 2578 1416 2585 -
1489 2560 1585 2596 505.
1610 2572 1713 2605 quom

730 2669 764 2684 Ὗὶἱ.
