1818 2973
230 103 294 140 108
816 117 854 142 M.
880 117 961 143 Acc1
986 118 1117 144 rmum

331 179 387 238 {rt
414 197 484 238 ille
513 209 580 239 me
607 196 842 246 exornauit,
886 198 944 238 ita
983 210 1076 239 sum
1117 197 1314 240 ornatus:
1354 202 1577 252 argentum
1615 198 1696 242 11όο

1469 276 1580 317 facit.
1637 306 1669 329 ¹⁵

330 331 423 399 I'pse
450 349 699 388 ornamenta
726 346 751 388 a
779 347 964 400 chorago
992 349 1099 390 haec
1126 346 1299 401 sumpsit
1327 362 1402 391 suo
1428 347 1633 402 periculo:

329 419 451 464 Nunc
480 434 556 474 ego
585 422 617 462 si
647 425 792 473 potero
820 421 1079 465 ornamentis
1107 423 1317 467 hominem
1346 423 1676 475 circumducere,

330 496 443 538 Dabo
470 508 655 548 operam,
685 500 731 538 ut
760 509 827 539 me
855 494 990 550 ipsum
1018 500 1142 550 plane
1170 511 1260 542 esse
1287 496 1591 552 sucophantam
1608 498 1696 541 sen-

1473 576 1563 616 tiat.
1617 578 1695 617 860

224 649 299 687 Cn.
328 646 462 695 Quam
491 647 624 698 magis
651 650 804 698 specto,
834 644 971 689 minus
989 651 1128 701 placet
1147 650 1201 690 mi
1223 650 1330 692 haec
1349 649 1528 691 hominis
1546 651 1694 693 facies:

1465 721 1569 766 mira
1598 729 1694 766 sunt

328 799 379 839 Ni
408 794 493 839 illic
520 799 684 840 homost
713 802 786 840 aut
814 799 1062 841 dormitator
1089 798 1164 841 aut
1192 804 1329 842 sector
1356 800 1562 842 sonat-ius.
1633 831 1666 854 ,0

223 968 254 1005 si
279 980 343 1004 era
370 968 546 1014 pattuito,
573 969 702 1014 quegli
727 969 794 1005 0110
820 981 938 1005 aveva
963 972 1156 1016 comprata
1180 970 1323 1015 l'opera
1339 982 1406 1007 sua.
1422 970 1615 1007 l'avrebbe
1642 973 1695 1008 ot-

221 1029 354 1063 ‘tenuta
379 1039 401 1062 a
426 1027 632 1063 condizioni
667 1029 741 1063 ben
775 1028 1044 1073 vantaggiose:
1081 1040 1101 1064 e
1138 1029 1264 1074 percio
1306 1029 1381 1073 egli
1406 1029 1613 1074 immagina
1643 1041 1695 1065 un

222 1086 332 1121 modo
359 1097 463 1122 come
488 1086 833 1123 rimborsarsenedi
848 1099 914 1132 per
940 1088 977 1123 se
1005 1089 1135 1123 stesso.
1154 1105 1198 1111 —
1247 1087 1344 1123 857.
1361 1090 1424 1123 hoc
1447 1102 1491 1117 =
1515 1090 1608 1124 hunc
1639 1100 1695 1124 or·

221 1149 345 1178 natum
373 1141 387 1157 “
408 1144 437 1179 il
462 1146 628 1180 costume
653 1146 701 1180 da
726 1145 876 1189 viaggio
899 1158 935 1189 „z
961 1145 1015 1181 sol
1041 1146 1098 1181 ool
1124 1146 1273 1188 danaro,
1306 1157 1424 1191 pensa
1447 1146 1476 1182 il
1502 1146 1695 1190 sicofante‚

222 1202 254 1237 si
278 1202 391 1237 fanno
417 1202 455 1237 di
480 1205 611 1247 queste
638 1215 732 1239 cose.
758 1204 828 1238 Nel
853 1204 1097 1249 palimpsesto
1124 1204 1155 1239 si
1180 1205 1288 1248 legge
1315 1205 1594 1249 propriamente
1629 1206 1695 1240 hac

221 1260 261 1295 in
286 1260 395 1305 luogo
421 1261 459 1295 di
484 1263 557 1296 hoc.
583 1280 628 1284 —
677 1261 774 1296 858.
800 1263 973 1306 choo-aqua
996 1260 1180 1305 (χορηγός)
1205 1273 1269 1298 era
1292 1263 1570 1307 propriamente
1596 1263 1694 1299 colui

222 1318 289 1354 0110
314 1319 411 1354 dava
435 1319 474 1354 in
499 1320 580 1355 fitto
605 1319 618 1354 i
644 1320 804 1355 costumi
821 1320 987 1364 speciali,
1007 1320 1074 1355 che
1093 1320 1269 1356 solevano
1288 1321 1503 1366 adoperarsi
1521 1321 1559 1356 in
1576 1322 1695 1357 Roma

220 1376 260 1412 111
285 1389 360 1412 una
385 1377 473 1413 data
498 1378 685 1414 solennita
710 1390 729 1413 e
755 1378 795 1413 in
820 1379 906 1413 date
924 1379 1172 1421 circostanze3
1200 1379 1246 1414 ed
1264 1390 1327 1414 era
1343 1379 1407 1423 poi
1432 1379 1549 1415 anche
1567 1380 1694 1424 quegli

222 1435 288 1470 che
314 1437 488 1480 prestava
513 1436 589 1480 agli
616 1436 706 1471 edili
731 1436 1004 1481 l'apparecchio
1031 1447 1051 1472 e
1075 1436 1088 1471 i
1114 1436 1271 1472 eostumi
1296 1437 1499 1472 necessarii
1523 1448 1590 1482 per
1620 1450 1696 1473 una

221 1494 572 1538 rappresentazione
590 1495 857 1535 drammatica3
881 1495 944 1529 cfr.
973 1494 1074 1530 Curc.
1093 1496 1126 1537 4,
1146 1496 1162 1530 1
1183 1501 1392 1530 ornamenta
1404 1508 1491 1540 quae
1508 1497 1621 1531 locavi
1630 1495 1694 1539 (le-

221 1552 309 1596 pido
327 1551 515 1596 nugatori)
529 1559 640 1587 metuo
655 1558 693 1587 ut
705 1555 842 1597 possim
856 1555 1028 1597 recipere;
1056 1553 1156 1588 Pers.
1177 1554 1206 1596 1,
1226 1554 1258 1596 3,
1278 1554 1339 1589 79:
1365 1554 1441 1589 Sat.
1459 1552 1572 1587 πόθεν
1588 1565 1692 1589 orna·

222 1613 366 1645 menta?
388 1611 475 1646 Tox.
502 1613 574 1645 Abs
592 1612 743 1655 choraqo
761 1614 899 1646 sumito.
919 1613 1019 1646 Dare
1035 1613 1153 1646 debet.-
1178 1613 1308 1647 aediles
1324 1613 1543 1654 locaverunt3
1561 1612 1693 1647 Pseud.

223 1667 314 1702 1184
351 1670 566 1713 chlamydem
591 1670 682 1703 hanc
707 1680 937 1704 commemora
967 1671 1092 1713 quanti
1116 1671 1329 1704 conductast.
1359 1689 1405 1694 -
1441 1680 1504 1704 suo
1535 1671 1693 1713 periculo

225 1723 238 1738 ⁸
260 1737 329 1761 con
354 1738 419 1762 suo
445 1727 581 1762 rischio
603 1755 616 1770 ,,
647 1738 715 1762 ove
741 1727 816 1762 mai
837 1727 863 1761 il
882 1726 1063 1762 sicofante
1080 1739 1153 1762 non
1171 1738 1298 1762 avesse
1317 1726 1506 1762 restituito
1531 1726 1693 1762 indietro

221 1783 249 1818 il
275 1796 340 1820 suo
366 1787 545 1821 costume.
571 1806 616 1811 —
666 1785 762 1820 859.
789 1787 1051 1820 circumducere
1078 1783 1090 1797 “
1113 1785 1278 1829 gabbare
1302 1798 1337 1827 ,,;
1366 1785 1429 1820 cfr.
1456 1785 1535 1828 959,
1561 1785 1694 1820 Bacch.

222 1842 303 1877 311.
329 1861 372 1866 ——-
399 1846 431 1878 si
450 1850 576 1888 potero
602 1844 762 1889 dipende
788 1844 836 1878 da
861 1845 949 1878 dabo
974 1855 1130 1887 operam,
1156 1843 1200 1879 cf.
1225 1855 1261 1878 11.
1288 1844 1368 1878 763.
1394 1861 1437 1866 —-
1522 1842 1618 1878 860.
1644 1855 1696 1878 me

220 1902 340 1945 ipsum
369 1899 382 1914 ⁸
403 1914 477 1937 non
512 1903 589 1938 solo
623 1903 663 1937 in
697 1902 856 1946 servigio
884 1902 1008 1943 altrui,
1034 1913 1095 1936 ma
1120 1902 1237 1937 anche
1270 1913 1337 1946 per
1362 1913 1420 1937 me
1446 1903 1562 1937 stesso
1583 1928 1612 1945 ,,.
1649 1919 1694 1925 --

204 2005 207 2009 ἢ
215 1961 327 2004 plane
351 1962 605 2004 sucophantam
633 1958 646 1973 ⁴‘
669 1972 767 2002 vero,
792 1961 907 1996 bravo
934 1959 1115 1995 sicofante
1138 1987 1166 2002 ,,.
1192 1977 1236 1982 -
1295 1959 1380 1994 861.
1406 1971 1511 2004 quam
1535 1962 1649 2004 mayis
1674 1960 1694 1995 ὲ

222 2018 360 2054 dovuto
387 2018 423 2053 ai
448 2019 684 2054 manoseritti
717 2019 763 2053 ed
799 2020 819 2053 e
856 2018 1044 2053 conforme
1082 2017 1213 2052 all'uso
1250 2017 1442 2062 plautin03
1467 2018 1531 2053 cfr.
1561 2018 1694 2054 Bacch.

223 2076 313 2111 1076
338 2089 444 2121 quam
468 2080 583 2121 maqis
615 2080 654 2111 in
679 2082 819 2121 pectore
843 2088 915 2111 meo
938 2077 1035 2119 foveo
1062 2078 1175 2119 mayz's
1201 2081 1340 2111 curaest
1371 2079 1550 2121 magisque
1573 2078 1694 2121 adfor-

221 2137 326 2177 mido,
354 2135 454 2170 Asin.
487 2137 517 2179 1,
547 2136 579 2177 3,
610 2136 630 2170 6
656 2148 761 2180 quam
788 2137 902 2179 mayis
926 2137 966 2168 in
991 2136 1104 2168 altum
1129 2137 1293 2178 capessis,
1332 2139 1405 2169 tam
1441 2140 1576 2170 aestum
1599 2140 1631 2170 te
1655 2137 1695 2170 in

217 2199 365 2237 portum
390 2196 512 2237 refert,
538 2194 636 2228 Men.
655 2195 698 2229 95
725 2205 829 2237 quam
854 2195 968 2237 maqis
993 2194 1182 2227 extendunt
1207 2198 1279 2227 tam
1304 2194 1534 2237 adstrinyunt
1565 2195 1693 2228 artius.

221 2268 267 2275 —
303 2255 354 2286 mi
385 2254 478 2294 haec,
504 2264 571 2297 per
607 2254 695 2286 mihi
719 2253 802 2286 haec
826 2251 887 2286 del
913 2252 1086 2296 palimps.
1123 2251 1302 2286 ambros:
1328 2251 1356 2285 il
1382 2253 1465 2286 cod.
1503 2256 1622 2286 vetus
1646 2252 1695 2287 ha.

222 2311 528 2354 semplicemente
555 2312 654 2345 mihi.
680 2328 724 2333 —
749 2312 846 2344 mira
863 2314 947 2344 sunt
973 2312 1012 2344 ni
1036 2321 1057 2344 o
1084 2309 1200 2344 anche
1226 2311 1359 2344 mirum
1382 2311 1423 2343 m·
1445 2307 1592 2354 (Amph.
1613 2311 1644 2351 1,
1663 2311 1695 2352 1,

223 2368 302 2409 163)
331 2367 344 2382 ⁴‘
365 2369 517 2404 farebbe
544 2368 766 2412 maraviglia
791 2379 830 2403 se
858 2379 932 2403 non
954 2395 967 2411 „
996 2367 1115 2412 piglia
1152 2379 1297 2413 sempre
1322 2367 1361 2402 in
1386 2367 1505 2403 latino
1530 2367 1559 2402 il
1584 2367 1696 2413 signi-

221 2427 331 2462 ficato
371 2428 605 2463 affermativo
643 2428 680 2462 di
723 2425 736 2439 ¹⁴
766 2428 997 2462 cei-tamenta
1028 2454 1041 2469 ‚‚
1080 2425 1159 2467 (cfr.
1189 2427 1251 2462 nel
1281 2426 1347 2461 lat.
1378 2425 1486 2460 class.
1521 2428 1694 2461 nimirum

221 2492 412 2521 =mirum
436 2484 500 2528 πῆ.
519 2504 563 2509 -
612 2485 708 2520 862.
734 2487 949 2521 dormitator
972 2486 992 2520 0
1018 2484 1282 2527 Γήμερόκοιτος
1306 2482 1410 2526 ἀνήρ,
1436 2484 1464 2518 11
1492 2484 1596 2520 ladro
1614 2484 1694 2519 0100

221 2545 289 2580 0110
314 2545 442 2580 dorme
467 2544 505 2578 di
530 2545 661 2588 giorno
687 2556 706 2579 e
735 2544 859 2588 veglia
884 2543 958 2588 poi,
984 2554 1051 2588 per
1076 2543 1221 2585 rubare,
1240 2542 1278 2576 di
1303 2544 1420 2577 notte.
1445 2561 1490 2565 —
1514 2548 1626 2578 sector
1642 2554 1695 2578 so-

220 2605 351 2638 norius
365 2617 410 2630 =
424 2615 451 2638 s.
476 2605 661 2646 zonarius,
674 2605 694 2638 0
723 2602 1004 2647 propriamente
1034 2599 1047 2614 ⁸
1066 2602 1093 2636 il
1110 2601 1338 2645 tagliaborse
1356 2628 1370 2644 „
1399 2599 1696 2642 βαλαντιοτόμος.
