1818 2973
258 88 304 127 96
849 103 888 128 u.
912 101 996 128 Acct
1019 100 1152 128 pun-rx

261 185 342 223 ME.
371 181 524 224 Parata
553 184 626 222 dos
654 177 823 223 domist:
854 183 933 222 nisi
961 181 1212 233 exspectare
1242 183 1308 222 uis

299 275 306 278 ⁴
367 259 420 298 Vt
448 257 541 299 eam
569 260 658 299 sine
687 259 782 298 dote
810 256 944 298 frater
970 260 1149 308 nuptum
1178 255 1385 299 conlocet:

366 335 462 373 Post
488 331 615 373 adeas
642 334 733 372 tute
760 327 996 374 Philtonem
1027 335 1069 373 et
1097 329 1234 373 dotem
1263 333 1367 373 dare

367 408 424 448 Te
452 408 489 448 ei
519 403 650 447 dicas:
680 408 821 448 facere
848 407 889 447 id
918 405 1008 448 eius
1035 408 1086 448 ob
1114 407 1342 448 amicitiam
1374 409 1518 459 patris.

365 484 523 522 Verum
553 481 633 522 hoc
660 494 737 534 ego
767 494 919 524 uereor·
946 494 999 523 ne
1027 478 1158 523 istaec
1188 482 1433 534 pollicitatio

366 557 425 594 Te
454 556 494 594 in
524 551 685 595 crimen
713 557 864 606 populo
892 555 1020 606 ponat
1047 558 1172 606 atque
1202 553 1441 595 infamiam:

366 631 456 669 Non
488 628 646 670 temere
675 631 817 670 dicant
845 627 887 670 te
914 630 1141 681 benignum
1172 625 1346 681 uirgini:
1658 633 1738 671 740

366 703 514 744 Datam
543 705 617 744 tibi
647 706 786 746 dotem
815 705 853 746 ei
881 703 1007 756 quam
1037 706 1161 746 dares
1190 706 1280 746 eius
1309 704 1334 746 ἐι
1364 708 1507 757 patre:

368 781 428 818 Ex
457 777 508 819 ea
537 781 682 831 largiri
711 783 753 820 te
780 775 851 828 illi,
882 791 1019 830 neque
1046 776 1104 820 ita
1134 784 1180 820 ut
1207 777 1260 820 sit
1288 781 1387 821 data

367 854 579 895 Columem
609 858 651 896 te
679 856 828 896 sistere
855 851 927 903 illi,
957 859 1000 896 et
1027 856 1204 896 detraxe
1233 851 1466 896 asitument.

365 931 488 970 Nunc
515 932 547 970 si
578 929 760 981 opperiri
791 926 854 970 uis
882 931 1112 971 aduentum
1141 929 1368 979 Charmidi,

368 1004 680 1057 perlongumst:
711 1005 810 1046 huic
839 1003 1018 1046 ducendi
1048 1006 1210 1046 interea
1239 1002 1489 1047 abscesserit
1660 1006 1740 1045 745

367 1076 544 1121 Lubido:
574 1084 702 1132 atque
731 1092 781 1122 ea
810 1078 1000 1122 condicio
1029 1082 1130 1121 huic
1158 1082 1228 1122 uel
1255 1079 1509 1132 primariast.

261 1158 333 1196 CA.
361 1158 468 1197 Nam
498 1157 644 1197 hercle
672 1155 809 1197 omnia
839 1158 969 1198 istaec
998 1157 1176 1197 ueniunt
1203 1158 1245 1196 in
1276 1154 1458 1197 mentem
1488 1156 1605 1196 mihi.

348 1230 472 1273 'Vide
501 1234 532 1272 si
566 1232 647 1273 hoc
675 1233 821 1273 utibile
850 1232 982 1284 magis
1010 1237 1138 1283 atque
1166 1233 1208 1272 in
1236 1244 1327 1273 rem
1355 1231 1549 1283 deputas:

1679 886 1713 910 15

262 1350 325 1385 Ma
348 1350 589 1394 Megaronide
622 1361 734 1394 segue
772 1350 835 1385 nel
871 1361 937 1385 suo
975 1350 1158 1394 pensiero,
1197 1361 1306 1385 senza
1341 1352 1509 1394 prestare
1546 1349 1688 1385 ascolto
1717 1360 1741 1384 a.

263 1409 319 1443 cib
345 1409 411 1443 che
437 1409 486 1443 ha
510 1409 614 1443 detto
642 1408 867 1443 Callicle—
905 1408 1001 1441 735.
1028 1414 1076 1450 ut,
1102 1409 1198 1451 dopo
1225 1413 1437 1451 exspectare,
1462 1407 1494 1442 si
1518 1410 1608 1443 nota
1622 1408 1740 1443 anche

263 1467 302 1501 in
329 1467 414 1508 Cic„
441 1467 518 1501 Cat.
546 1467 578 1508 2,
604 1467 660 1508 27,
686 1478 752 1510 pro
779 1466 883 1501 Rose.
911 1467 1034 1501 Amer.
1061 1466 1116 1501 82.
1137 1487 1177 1491 ——
1231 1465 1326 1501 736.
1351 1469 1440 1501 dare
1468 1464 1481 1478 ⁴
1504 1466 1626 1501 offrire
1647 1493 1676 1509 ‚.
1693 1482 1741 1488 -—

266 1524 361 1559 738.
375 1527 483 1559 istaec
494 1526 705 1568 pollicitatio
727 1522 739 1536 '⁴
758 1527 890 1568 questa
904 1535 1094 1568 promessa
1108 1525 1155 1559 da
1168 1527 1274 1569 parte
1288 1526 1413 1560 vostra
1427 1551 1456 1566 „.
1470 1543 1515 1548 —
1557 1523 1651 1558 740.
1668 1535 1740 1558 non

263 1588 389 1618 temere
422 1583 452 1616 si
485 1583 650 1617 riferisce
678 1594 699 1616 a
724 1584 929 1626 beniynum:
960 1581 973 1595 ⁸
994 1594 1069 1618 non
1095 1594 1203 1618 senza
1235 1583 1387 1626 ragione
1411 1581 1604 1623 benevolo,
1628 1592 1742 1626 gene-

263 1653 345 1677 roso
367 1668 396 1684 ‚.
422 1659 468 1663 —
518 1640 612 1675 743.
639 1642 805 1675 columem
832 1643 851 1675 e
882 1641 918 1675 la
943 1640 1084 1675 lezione
1103 1641 1163 1675 dei
1180 1641 1251 1676 due
1277 1639 1396 1675 codici
1413 1639 1474 1675 del
1503 1639 1740 1674 Camerario:

264 1712 347 1736 essa.
372 1703 391 1736 ὲ
417 1700 537 1735 forma
563 1700 624 1734 del
650 1701 716 1734 lat.
743 1699 887 1734 arcaico
914 1710 933 1734 e
959 1699 997 1733 fa
1033 1699 1068 1733 le
1104 1699 1184 1733 veci
1223 1699 1260 1733 di
1296 1700 1515 1739 incolumem,
1542 1697 1609 1732 che
1634 1698 1655 1732 e
1679 1696 1741 1732 nel

264 1759 508 1803 palimpsesto
535 1759 693 1793 ambros.
719 1775 764 1780 —
789 1760 936 1791 detraxe
954 1759 972 1792 e
991 1768 1065 1791 una
1083 1757 1233 1801 sincope
1252 1756 1349 1791 assai
1368 1766 1524 1791 comune
1548 1755 1595 1790 ed
1620 1757 1743 1790 estesa

264 1818 326 1852 nel
363 1817 481 1852 latino
508 1817 651 1851 arcaico
679 1816 779 1851 della
805 1827 892 1850 voce
931 1815 1096 1851 dell’inf.
1133 1816 1224 1860 perf.
1251 1817 1460 1855 detraxisse,
1498 1814 1648 1858 sincope
1674 1814 1740 1849 che

265 1876 358 1911 ebbe
385 1875 505 1919 luogo,
544 1875 692 1919 quando
727 1875 908 1909 l'accento
946 1873 1132 1918 poggiava
1158 1884 1294 1908 ancora
1318 1872 1415 1907 sulla
1443 1871 1579 1907 sillaba
1609 1871 1743 1906 terzul-

263 1935 368 1975 tima,
395 1933 792 1977 indipendentemente
831 1932 933 1966 dalla
964 1932 1165 1975 lunghezza
1202 1932 1302 1966 della
1339 1931 1474 1965 sillaba
1510 1929 1743 1973 penultima:

266 1992 330 2027 cfr.
356 2003 423 2035 per
449 1991 542 2026 altre
569 1991 713 2035 sincopi
740 1990 855 2025 simili
881 1993 963 2024 dixe
988 1990 1099 2024 Poen.
1127 1991 1159 2030 5,
1184 1990 1215 2030 2,
1237 1990 1267 2032 1,
1293 1991 1424 2023 adt-exe
1448 1988 1559 2022 Mero.
1584 1987 1617 2029 2,
1635 1987 1668 2025 2.
1686 1987 1744 2030 61,

266 2053 371 2085 illex-e
394 2050 443 2084 ib.
472 2050 502 2092 1,
530 2050 560 2091 1,
587 2050 644 2088 53,
670 2051 816 2092 despexe
842 2048 920 2082 Mil.
940 2049 972 2088 2,
991 2049 1022 2088 6,
1043 2048 1097 2088 72,
1124 2049 1265 2081 adduxe
1290 2047 1381 2081 Rud.
1407 2048 1440 2087 4,
1465 2048 1498 2087 4,
1526 2045 1558 2089 3,
1581 2047 1745 2089 produxe

267 2109 349 2144 Ter.
376 2108 480 2143 Adel.
507 2109 539 2149 4,
566 2103 603 2149 2,
626 2108 680 2148 22,
707 2118 857 2141 surrexe
884 2106 943 2140 Or.
970 2106 1085 2140 Sex-m.
1114 2107 1143 2146 1,
1171 2106 1201 2146 9,
1230 2105 1283 2140 73.
1312 2122 1355 2127 —-
1434 2103 1528 2139 744.
1559 2105 1746 2139 Charmidi

267 2169 286 2201 e
311 2178 394 2212 gen.
423 2165 460 2200 di
488 2167 719 2199 Charmides:
746 2165 776 2199 si
795 2164 875 2199 noti
894 2165 960 2198 che
987 2163 1047 2198 dei
1072 2163 1174 2197 nomi
1200 2163 1327 2208 propri
1352 2162 1454 2207 greci
1478 2161 1689 2206 parisillabi
1705 2161 1746 2196 in

267 2237 317 2259 -es
342 2225 381 2259 fu
406 2223 503 2259 assai
528 2223 568 2257 in
594 2235 671 2264 uso,
698 2222 814 2257 anche
852 2222 914 2256 nel
950 2222 1069 2256 latino
1096 2221 1264 2263 classico,
1288 2221 1326 2256 la
1350 2221 1470 2256 forma
1493 2220 1555 2255 del
1578 2220 1745 2264 genitivo

268 2283 307 2317 in
332 2285 369 2324 -i‚
397 2283 463 2317 che
490 2281 778 2326 corrispondeva
796 2281 1087 2324 perfettamente
1107 2280 1183 2314 alla
1200 2279 1399 2314 desinenza
1416 2279 1476 2314 del
1492 2278 1661 2322 genitivo
1681 2287 1747 2311 ·ou

269 2341 335 2375 che
363 2341 433 2375 essi
460 2351 626 2375 avevano
653 2339 692 2374 in
716 2350 843 2383 greco;
871 2339 935 2373 cfr.
954 2338 1058 2383 Capt.
1078 2339 1157 2373 528.
1175 2355 1221 2360 —
1272 2337 1366 2371 746.
1393 2342 1495 2381 atque
1523 2334 1536 2349 ⁸
1557 2347 1577 2372 e
1603 2347 1694 2380 pure
1716 2362 1746 2378 „

270 2399 333 2434 cfr.
361 2411 392 2433 v.
420 2399 498 2434 910.
523 2416 570 2421 -
595 2400 677 2432 huic
704 2395 719 2410 ‘⁴
741 2409 808 2442 per
832 2397 882 2432 lei
904 2424 932 2440 „.
960 2417 1004 2421 —
1031 2398 1091 2437 vel,
1119 2396 1182 2431 cfr.
1207 2408 1243 2430 n.
1271 2396 1355 2430 655:
1382 2395 1413 2429 si
1438 2394 1518 2430 noti
1543 2395 1610 2430 che
1633 2400 1746 2438 prim-

270 2459 375 2491 arius
399 2458 418 2491 e
444 2469 493 2490 un
520 2467 602 2501 agg.
628 2456 796 2491 derivato
823 2456 870 2490 da
895 2467 945 2490 un
970 2455 1210 2499 superlativo.
1249 2471 1295 2477 -
1331 2455 1488 2488 condicio
1518 2450 1532 2466 ⁸
1553 2452 1695 2497 partito
1717 2479 1746 2495 „.

269 2531 316 2538 -—
366 2514 459 2548 747.
487 2526 789 2558 nam=namque
815 2514 894 2549 731.
914 2534 955 2538 ——
974 2526 1058 2547 nam
1084 2514 1208 2555 hercle,
1235 2512 1293 2548 coi
1319 2512 1397 2547 cod.
1424 2511 1486 2546 del
1511 2510 1747 2546 Camerario:

270 2572 299 2608 il
324 2573 497 2618 palimps.
524 2573 682 2608 ambros.
720 2573 769 2607 ha
805 2572 935 2607 invece
974 2573 1104 2606 eadem.
1143 2588 1186 2594 —
1283 2569 1379 2604 748.
1405 2572 1493 2613 vide,
1518 2569 1582 2605 cfr.
1607 2568 1748 2604 Introd.
