1872 2968
58 0 131 20 ,-·‚···‡

0 0 56 83 f,
70 32 72 38 .

31 65 37 77 ι

0 83 18 157 5
569 100 789 126 ‘rnvaMvs
812 98 849 132 n,
873 89 904 132 1,
927 88 1063 124 22-30
1509 89 1551 125 41

191 185 304 224 Haec
332 180 409 234 ego
437 194 558 233 quom
587 194 682 221 cum
711 182 850 221 animo
877 179 970 221 meo
996 183 1161 230 reputo,
1493 210 1527 233 25

189 260 266 298 Vbi
296 254 366 308 qui
394 261 501 309 eget,
530 269 653 308 quam
685 253 794 307 preti
819 251 872 295 sit
900 256 1033 306 parui,

188 332 329 384 Apage
358 336 409 379 te,
439 343 569 378 amor,
598 340 680 370 non
711 326 860 381 places,
889 326 947 369 nil
976 334 1017 370 te
1047 333 1154 370 utor.

82 411 339 459 Quamquam
366 403 469 446 illud
497 410 558 447 est
587 407 719 452 dulce,
749 403 839 446 e'sse
867 408 909 445 et
942 406 1096 452 bibere,
1138 403 1256 445 amor
1283 416 1427 445 amara
1462 403 1552 444 deit-

1396 483 1549 525 tamen,

502 552 612 596 Salis
631 556 737 605 quod
767 555 820 594 sit
847 551 995 605 aegre:
1471 556 1551 594 260

186 628 309 683 Fugit
336 632 484 677 forum,
514 625 619 680 fugit
645 641 741 668 suos
769 627 976 679 cogmitos,

185 705 319 757 Fugzit
347 707 459 756 ipsus
486 716 530 745 se
559 703 610 744 zib
639 715 714 743 suo
743 700 930 743 contutu.

185 783 330 831 Neque
358 777 454 820 eum
483 780 557 819 sibi
588 779 767 819 amicum
798 777 945 819 volunt
974 779 1067 819 dici.

182 855 296 896 Mille
324 855 454 895 modis
482 866 599 895 amor
628 852 912 906 ignorandust,
944 855 1088 905 procul
1115 853 1394 895 abhibendust
1421 858 1548 906 atque

1166 927 1431 969 zibslandust:
1487 959 1520 982 so

78 1122 155 1157 alla
179 1121 399 1165 compagnia
424 1120 523 1164 degli
549 1120 700 1155 schiavi.
727 1139 771 1144 —
833 1119 927 1155 256.
954 1120 1005 1155 La
1030 1120 1182 1163 lezione,
1209 1121 1275 1156 che
1293 1121 1356 1156 noi
1374 1121 1547 1157 abbiamo

78 1180 248 1215 adottata
283 1178 319 1212 di
358 1180 488 1221 questo
527 1189 643 1219 verso,
670 1179 689 1212 e
728 1178 854 1221 quella
886 1178 952 1212 che
980 1178 1011 1212 ci
1038 1179 1085 1212 du
1110 1178 1137 1212 il
1162 1178 1355 1222 palimps:
1380 1179 1433 1222 gli
1460 1179 1547 1214 altri

77 1237 195 1272 codici
219 1237 342 1271 hanno
367 1237 450 1270 haec
480 1247 539 1279 eqo
569 1247 647 1269 cum
678 1248 742 1278 ayo
773 1248 850 1269 cum
876 1247 948 1270 meo
974 1238 1093 1269 animo
1118 1242 1149 1270 et
1174 1238 1291 1270 reculo
1315 1235 1477 1278 (rectilo).
1503 1254 1547 1260 —-

78 1294 173 1329 257.
191 1296 252 1328 ubi
267 1295 328 1338 qui
341 1307 385 1320 =
398 1306 475 1327 cum
492 1295 570 1337 quis
589 1304 609 1327 ο
623 1295 656 1327 si
673 1296 763 1337 quis,
778 1293 841 1327 cfr.
858 1294 956 1327 Pers.
972 1294 1039 1327 313
1066 1305 1149 1327 nam
1167 1295 1226 1327 *ubi
1245 1296 1306 1337 qui
1322 1296 1418 1328 mala
1435 1297 1548 1338 tanyit.

76 1365 195 1394 manu,
222 1354 360 1386 dolores
385 1354 603 1393 cooriuntur,
631 1351 761 1386 Pseud.
789 1352 853 1387 681
882 1353 963 1385 bene
1000 1353 1059 1385 ubi
1092 1354 1174 1395 quoi
1203 1354 1335 1386 scimus
1360 1355 1548 1387 consilium

76 1413 256 1451 accidisse,
282 1411 455 1444 hominem
491 1414 607 1444 catum
643 1421 719 1444 eum
757 1421 828 1443 esse
865 1411 1100 1452 declaramus,
1136 1409 1236 1444 Trin.
1265 1411 1345 1445 439.
1373 1428 1416 1433 -—
1442 1414 1546 1454 preti,

77 1469 140 1503 cfr.
164 1479 231 1512 per
255 1467 565 1502 l'abbreviazione
576 1468 693 1522 Α,5161111
718 1467 852 1502 sillaba
878 1467 988 1502 finale
1015 1468 1153 1502 Introd.
1181 1468 1286 1512 Caph.
1313 1468 1476 1502 XXXIV.
1504 1489 1546 1493 -

74 1529 121 1561 sit
143 1528 252 1570 parvi
269 1528 378 1569 preti,
405 1528 492 1560 sott.
518 1537 630 1560 amor.
659 1543 701 1548 -
862 1525 957 1560 258.
985 1526 1022 1560 Si
1048 1527 1128 1561 noti
1155 1527 1221 1561 che
1247 1526 1311 1570 qui
1329 1527 1355 1560 il
1375 1527 1546 1571 pensiero

74 1584 193 1628 piglia
215 1583 254 1618 la
277 1584 396 1619 forma
421 1583 483 1627 pii]
513 1583 639 1618 vivace
658 1583 719 1618 del
732 1584 894 1618 discorso
921 1584 1071 1618 diretto.
1089 1604 1133 1609 —-
1152 1596 1262 1628 apaye
1287 1590 1318 1619 te
1348 1583 1360 1597 ‘⁴
1378 1585 1454 1619 alla
1472 1597 1546 1619 ma-

74 1641 163 1683 lora,
191 1641 253 1676 via.
276 1641 324 1676 da
348 1653 406 1676 me
424 1668 452 1684 „.
480 1658 524 1663 —-
682 1641 777 1676 259.
803 1643 896 1676 illud
920 1641 952 1676 si
977 1642 1142 1677 riferisce
1169 1642 1204 1676 ai
1231 1643 1301 1677 due
1324 1642 1461 1677 infiniti
1479 1644 1546 1678 che

75 1711 244 1743 vengono
270 1699 377 1743 dopo.
408 1717 443 1721 —
473 1711 546 1733 esse
560 1713 602 1727 =
617 1701 727 1733 edere.
754 1720 798 1724 —-
823 1712 968 1740 amara;
996 1700 1059 1734 cfr.
1080 1699 1166 1734 cist.
1188 1701 1218 1740 1,
1238 1701 1280 1734 78
1299 1699 1427 1742 (amor)
1441 1707 1547 1744 yustu

75 1759 137 1791 dat
161 1758 269 1800 dulce,
295 1769 459 1791 amarum
484 1759 531 1791 ad
544 1759 740 1791 sacietatem
766 1769 872 1801 usque
897 1760 1040 1800 oyyerit.
1064 1775 1099 1780 —
1129 1761 1380 1802 satis=quod
1397 1761 1444 1793 sit
1456 1762 1547 1793 satis

74 1826 188 1857 aeyre.
214 1831 257 1837 -—-
331 1813 416 1847 261.
444 1814 473 1848 Il
499 1817 668 1858 soggetto
695 1817 714 1849 6
739 1815 906 1849 l'amator
931 1815 992 1850 del
1019 1827 1050 1849 v.
1077 1815 1156 1850 255.
1179 1836 1214 1840 —
1292 1815 1388 1850 263.
1409 1816 1546 1858 Questo

74 1883 178 1907 verso
204 1873 223 1906 e
251 1872 483 1907 considerato
497 1872 557 1906 dal
585 1873 703 1907 Bothe
730 1884 748 1907 e
776 1873 836 1907 dal
864 1872 1006 1908 Ritsohl
1033 1884 1135 1908 come
1167 1873 1546 1918 un'interpolazione,

71 1930 207 1974 perche
230 1941 305 1964 non
331 1932 403 1973 pub
429 1941 529 1964 esser
555 1941 731 1965 connesso
757 1931 814 1965 col
841 1942 944 1966 verso
972 1931 1038 1965 che
1072 1931 1126 1974 gli
1150 1932 1306 1974 precede
1344 1932 1547 1968 immedia-

71 1989 249 2023 tamente.
276 1987 460 2022 Potrebbe
488 1999 586 2022 esser
624 1988 825 2031 congiunto
853 1989 908 2022 col
936 2001 968 2023 v,
995 1989 1086 2023 261:
1124 2001 1185 2024 ma
1211 1991 1389 2025 verrebbe
1416 1993 1491 2026 cosi
1524 2004 1546 2026 a

71 2057 238 2090 spezzare
276 2045 403 2089 quella
438 2046 674 2089 progressiva
711 2046 941 2081 successione
975 2046 1115 2088 d’idee‚
1154 2048 1219 2082 che
1246 2050 1264 2083 e
1292 2060 1459 2092 espressa
1484 2051 1545 2084 nei

71 2116 129 2138 vv.
154 2103 271 2138 261-2.
297 2123 342 2127 —
391 2102 486 2137 264.
512 2105 1072 2147 abhibendust:pt-ohibendzwt,
1099 2107 1118 2140 ὲ
1144 2118 1194 2140 un
1220 2105 1313 2139 ἅπαξ
1337 2106 1545 2149 λεγόμενον,

71 2161 105 2195 al
131 2160 213 2205 pari
239 2160 539 2195 dell'abstandust
564 2161 630 2195 che
657 2173 780 2205 segue.
807 2162 876 2196 Nei
902 2162 1019 2197 codici
1057 2163 1088 2197 si
1125 2163 1234 2206 legge
1268 2163 1544 2207 propi-iamente

69 2219 287 2253 adhibendus
324 2230 344 2253 0
370 2220 591 2259 obtinendus,
619 2219 685 2253 che
711 2230 785 2253 non
811 2219 858 2254 da
883 2231 990 2254 senso
1018 2231 1036 2255 e
1063 2221 1130 2255 che
1156 2221 1352 2255 l'Aeidalio
1381 2233 1544 2257 corresse

68 2277 132 2311 1161
156 2277 264 2312 modo
291 2276 388 2311 assai
414 2276 522 2311 felice
549 2277 615 2311 che
642 2277 815 2311 abbiamo
834 2277 1021 2312 indicato:
1041 2279 1299 2313 emendazioni
1317 2290 1426 2314 meno
1442 2280 1544 2315 felici

69 2344 89 2368 e
114 2333 306 2378 plausibili
332 2345 420 2369 sono
447 2334 654 2368 l'abdendus
679 2334 739 2369 del
765 2334 910 2370 Ritschl
943 2346 962 2369 e
997 2335 1227 2379 l'abiyendus
1252 2336 1312 2371 del
1337 2337 1472 2379 Bergk.
1497 2358 1544 2362 -—

67 2393 276 2426 abstandust
301 2393 320 2426 e
346 2391 383 2426 la
407 2392 549 2426 lezione
575 2392 635 2426 del
661 2392 923 2436 palimpsesto:
949 2393 1004 2436 gli
1030 2393 1119 2428 altri
1145 2394 1264 2428 codici
1288 2394 1412 2429 hanno
1438 2396 1543 2430 absti-

50 2448 214 2488 mendas,
240 2447 306 2481 che
332 2448 352 2482 e
378 2447 680 2482 evidentemente
707 2459 781 2482 una
806 2448 942 2491 glossa.
975 2448 1017 2482 In
1050 2448 1383 2491 riguardo'all'uso
1410 2451 1542 2485 transi-

66 2504 146 2539 tivo
171 2504 232 2540 del
257 2517 290 2539 v.
317 2506 424 2546 absto,
450 2504 481 2539 si
506 2507 580 2549 pub
607 2508 765 2540 mettere
804 2517 826 2540 a
862 2506 1056 2541 confi-outo
1085 2506 1344 2551 l'espressione
1365 2509 1542 2552 placenda

68 2567 118 2597 est
142 2563 202 2598 del
228 2575 261 2598 v·
282 2564 371 2598 1159
389 2574 408 2598 e
427 2563 549 2598 rastra
564 2566 748 2608 pereunda
760 2567 896 2608 puppis
914 2569 963 2598 est
975 2566 1086 2608 probe
1103 2565 1300 2610 dell’Epid.
1323 2567 1351 2608 l,
1372 2567 1404 2608 1,
1422 2567 1477 2602 70.
1499 2587 1541 2593 —
