1818 2973
522 4 638 14 ...φ-,ό

570 74 790 102 TRINVMMVS
812 74 850 106 u,
873 63 908 105 3,
927 61 1104 98 134-114
1529 59 1576 96 75

208 155 313 199 Sues
339 156 579 197 moriuntur
606 154 760 207 angina
783 156 789 206 Ι
813 153 1061 196 acerrume:
1496 154 1575 193 540

208 231 317 274 Oues
335 233 510 274 scabrae
528 234 636 279 sunt,
657 230 744 272 tam
763 231 947 282 glabrae,
969 241 1047 278 em,
1068 240 1194 280 quam
1210 228 1318 269 haec
1332 227 1395 268 est
1410 239 1575 268 manus.

1495 302 1544 324 ΗΟ

150 422 155 423 ⁷
207 385 314 422 Tum
342 379 482 422 autem
511 384 726 429 Surorum,
755 379 887 432 genus
915 382 1023 430 quod
1052 374 1456 430 patientissumumst

209 453 445 505 Hominum,
475 468 597 497 nemo
624 458 763 497 exstat
791 456 860 505 qui
890 450 943 494 ibi
973 465 1049 494 sex
1080 454 1232 494 mensis
1261 448 1440 494 uixerit:

209 535 268 572 Ita
297 528 438 572 cuncti
466 529 673 572 solstitiali
703 531 847 570 morbo
876 527 1087 569 decidunt.

105 611 179 648 ΡΗ.
208 608 341 649 Credo
367 606 445 658 ego
472 607 591 653 istuc,
621 605 808 653 Stasime,
839 605 895 644 ita
924 603 1037 645 esse:
1080 605 1150 644 sed
1194 602 1402 654 Campans
1443 613 1575 654 genus

1496 677 1575 716 545

103 803 165 838 dal
189 803 346 838 fulmine
372 814 484 838 erano
510 802 745 837 considerate
771 813 874 837 come
900 803 1040 836 devotae
1065 812 1084 836 o
1110 812 1201 845 pure
1234 801 1414 844 infelicem
1447 799 1510 834 cfr.
1535 799 1576 833 in

104 861 232 897 Orazio
259 861 378 896 Carm.
405 862 437 903 2,
466 861 520 904 13,
547 862 586 896 11
615 864 718 895 triste
742 862 878 904 liquam
904 871 923 895 e
949 860 1080 895 Festo:
1114 861 1331 903 fulqueritum
1355 860 1394 892 id
1419 859 1578 901 estquod

103 926 153 954 est
176 921 327 963 fulmine
351 922 468 961 ictum,
495 922 555 963 qm·
571 921 666 953 locus
682 921 803 953 statim
818 920 1110 963 fieriputabatur
1127 919 1326 961 reliyioszcs.
1352 936 1394 940 —
1419 917 1579 950 alternae

102 980 122 1014 e
148 978 186 1012 la
209 977 350 1013 lezione
377 977 438 1012 dei
463 977 592 1020 codici,
618 978 684 1012 che
709 977 737 1011 il
762 976 917 1017 Rima—hl,
942 987 1009 1020 per
1034 976 1156 1011 evitar
1179 975 1297 1015 l'iato,
1314 975 1513 1010 trasforma
1537 973 1578 1007 in

102 1037 273 1077 alternas,
298 1046 373 1070 una
396 1035 516 1070 forma
540 1035 578 1069 di
603 1035 836 1070 nominativo
854 1034 999 1078 plurale
1019 1034 1163 1069 aroaioo
1182 1034 1248 1068 che
1265 1044 1341 1068 non
1360 1034 1380 1067 e
1398 1032 1579 1067 attestata

103 1105 170 1137 per
193 1105 331 1128 nessun
367 1093 478 1136 luogo
515 1093 612 1128 delle
651 1093 857 1128 commedie
891 1092 1072 1137 plautine.
1098 1093 1130 1126 A
1155 1094 1288 1136 questa
1313 1089 1577 1125 emendazione

101 1153 178 1186 cosi
202 1162 294 1195 poco
320 1151 531 1195 plausibile,
569 1151 729 1186 sebbene
768 1154 956 1186 accettata
988 1151 1107 1186 anche
1141 1151 1201 1184 dal
1229 1149 1327 1189 Brix,
1351 1149 1388 1183 lo
1415 1147 1577 1192 Spengel

101 1209 313 1244 sostituisce
341 1211 502 1251 alternis,
537 1209 842 1244 sottintendendo
877 1211 1019 1243 vicibus.
1056 1226 1098 1230 —
1196 1207 1291 1240 540.
1317 1210 1450 1249 anfina
1479 1203 1492 1217 “
1515 1216 1577 1240 an—

100 1267 191 1311 gina
208 1295 221 1309 „
249 1267 379 1302 deriva
403 1267 465 1301 dal
489 1277 599 1310 greco
626 1267 762 1308 ἀγχόνη
789 1268 832 1301 ed
859 1267 907 1301 ha
931 1267 976 1301 l'i
1005 1267 1140 1307 breve;
1176 1267 1239 1300 cfr.
1271 1264 1412 1299 Lucilio
1449 1275 1576 1308 presso

101 1325 221 1361 Nonio
247 1337 282 1370 p.
309 1325 365 1368 35,
393 1325 436 1360 10
461 1327 644 1368 insperato
669 1326 757 1359 abiit
781 1337 877 1368 quem
908 1337 977 1358 una
1004 1328 1136 1368 αιιρῖηα
1162 1325 1307 1358 sustulit
1330 1325 1430 1364 hora,
1466 1333 1485 1356 e
1515 1320 1575 1356 Se-

103 1395 192 1418 reno
218 1382 454 1418 Sammonico
481 1395 513 1417 v.
540 1383 608 1418 282
627 1384 761 1426 angina
778 1387 858 1417 vero
874 1385 942 1416 sibi
961 1386 1109 1416 mioelum
1134 1383 1207 1416 sale
1229 1383 1343 1425 poscit
1368 1385 1513 1415 acetum.
1530 1396 1576 1401 -

103 1453 287 1477 acerrume
314 1438 327 1453 ⁸
346 1441 638 1476 violentemente
656 1469 669 1483 „
688 1455 695 1476 :
721 1441 894 1486 l‘Haupt,
921 1453 988 1485 per
1013 1441 1133 1475 evitur
1158 1440 1280 1481 l'iato,
1298 1440 1337 1474 in
1355 1437 1578 1474 conformita

102 1500 203 1535 della
227 1499 478 1544 predilezione
505 1500 571 1534 che
597 1500 646 1534 ha
669 1499 804 1534 Plauto
831 1511 898 1543 per
922 1500 956 1534 le
986 1499 1259 1544 paronomasie‚
1286 1497 1473 1542 aggiunge
1499 1498 1579 1530 acri

101 1557 252 1592 innanzi
277 1558 323 1592 ad
349 1569 543 1592 acerrume.
582 1558 611 1591 Il
649 1558 736 1592 Brix
770 1558 899 1593 invece
929 1558 1118 1599 inserisce,
1144 1558 1264 1592 dietro
1289 1555 1482 1600 l'esempio
1516 1553 1578 1588 del

101 1616 257 1658 Ritschl,
288 1627 363 1651 una
396 1615 516 1651 forma
548 1615 752 1651 d’ablativo
787 1616 932 1651 arcaico
971 1618 1151 1659 anyinacl:
1184 1616 1219 1650 lo
1258 1613 1418 1659 Spengel
1457 1612 1582 1647 scrive

102 1673 142 1708 in
166 1674 276 1709 modo
302 1674 400 1709 assai
424 1674 489 1719 pin
514 1674 694 1718 languido
736 1676 904 1718 anyinast
937 1686 1136 1709 acerruma.
1181 1691 1222 1696 -
1375 1671 1461 1706 541.
1494 1672 1578 1705 haec

103 1743 231 1766 mames
259 1729 272 1744 ⁸
290 1734 424 1775 questa
456 1732 532 1767 mia
561 1744 670 1767 mano
689 1760 717 1774 „
747 1733 811 1767 cfr.
837 1745 872 1767 n.
902 1733 977 1767 172.
1006 1750 1047 1755 -
1147 1731 1241 1766 542.
1268 1729 1577 1772 Ξιινονιιυι--Βψ

102 1801 238 1824 rorum.
274 1789 335 1824 Gli
365 1789 507 1824 sohiavi
541 1790 578 1824 di
612 1790 709 1825 Siria
742 1792 853 1834 (lonqi
878 1789 986 1834 Syri),
1021 1791 1081 1825 dei
1115 1790 1219 1834 quali
1248 1790 1279 1824 si
1304 1791 1460 1824 trovava
1484 1798 1578 1830 gran

101 1859 256 1882 numero
282 1848 322 1882 in
346 1847 475 1889 Roma,
501 1859 613 1884 erano
638 1849 783 1883 robusti
809 1860 827 1883 e
854 1848 1155 1884 tollerantissimi
1181 1848 1279 1883 delle
1304 1847 1445 1882 fatiche
1471 1857 1490 1881 e
1517 1845 1578 1880 ad-

101 1905 198 1939 detti
223 1908 452 1949 soprattutto
479 1917 501 1940 a
526 1908 655 1950 portat
680 1907 714 1940 le
741 1908 880 1941 lecticae
903 1905 1116 1949 (lecticarii),
1142 1907 1206 1941 cfr.
1225 1904 1429 1940 Giovenale
1447 1905 1479 1946 6,
1498 1904 1578 1946 351,

100 1962 277 1998 Marziale
301 1964 332 2004 9,
359 1964 392 2005 2,
420 1965 472 1998 11.
500 1964 561 1998 Ma
585 1976 730 2008 neppur
756 1965 839 2006 essi,
865 1965 1023 2000 secondo
1050 1965 1221 2005 Stasinm,
1248 1966 1411 2008 potevan
1429 1974 1578 2006 soppor-

101 2023 183 2056 tare
208 2021 333 2065 quelle
368 2033 456 2056 aure
491 2022 743 2072 pestilenziali
777 2034 844 2066 per
877 2024 941 2066 piu
975 2024 1013 2057 di
1046 2023 1099 2057 sei
1132 2023 1238 2058 mesi.
1264 2043 1309 2047 —
1406 2020 1501 2055 544.
1526 2023 1578 2054 ita

104 2076 117 2091 '¹
136 2080 241 2114 tanto
267 2080 287 2114 e
312 2091 399 2115 vero
433 2080 499 2115 che
533 2080 863 2116 invariabilmente
879 2109 906 2123 „.
939 2102 980 2106 —
1015 2083 1216 2115 solstilialis
1241 2082 1383 2115 morbus
1413 2078 1425 2091 “
1444 2079 1578 2114 insola-

48 2178 54 2179 ἶ
99 2135 204 2171 zione
222 2164 236 2179 ‚‚
264 2137 446 2179 σειρίασις,
472 2140 491 2172 e
517 2150 592 2172 una
616 2139 790 2173 malattia
819 2139 971 2183 propria
1003 2140 1063 2174 del
1100 2139 1254 2183 periodo
1281 2139 1345 2183 pii]
1371 2137 1478 2173 caldo
1503 2136 1579 2171 del-

99 2193 226 2230 l’anno
240 2207 249 2236 3
277 2195 340 2229 cfr.
366 2196 483 2231 anche
509 2196 641 2231 Pseud.
659 2197 703 2232 38
721 2199 824 2240 quasi
841 2199 1042 2231 solstitialis
1066 2199 1173 2232 herba
1194 2199 1386 2241 paulisper
1408 2197 1487 2239 fui:
1512 2197 1578 2229 Re-

99 2258 202 2297 pente
225 2259 371 2288 exortus
400 2265 489 2297 sum,
524 2256 706 2298 repentino
738 2256 861 2289 occidi.
897 2273 938 2277 —
971 2257 1137 2290 decidunt
1177 2254 1189 2267 ‘⁶
1212 2255 1352 2290 cadono
1383 2266 1405 2288 a
1437 2255 1540 2288 terra
1560 2281 1574 2296 „

101 2311 233 2355 eolpiti
270 2311 332 2346 dal
366 2312 488 2350 male;
523 2313 586 2347 cfr.
620 2313 732 2348 Poen.
765 2313 798 2355 2,
831 2313 872 2347 37
907 2326 1106 2357 quemquem
1132 2316 1222 2348 visco
1248 2315 1480 2356 offenderant,
1506 2317 1579 2346 tam

101 2370 218 2404 crebri
243 2371 290 2404 aa
314 2375 449 2404 terram
474 2372 688 2406 decidebant.
715 2388 757 2393 -
832 2371 927 2405 545.
958 2374 1136 2415 Campans
1153 2383 1219 2416 per
1239 2373 1443 2415 Campanus
1468 2372 1487 2405 e
1504 2381 1581 2405 una.

100 2427 220 2463 forma
244 2430 424 2463 attestata
449 2441 523 2464 non
541 2429 618 2464 solo
636 2429 697 2464 dal
723 2429 978 2474 palimpsesto,
1005 2441 1067 2464 ma
1092 2430 1208 2465 anche
1227 2430 1275 2464 da
1291 2429 1423 2471 Nonio,
1449 2441 1484 2474 p.
1509 2428 1580 2464 486

105 2483 306 2530 “Campans
317 2498 384 2531 pro
403 2489 622 2531 Campanum
639 2501 672 2530 „;
692 2487 754 2522 cfr.
781 2489 905 2522 Picens
922 2499 941 2523 e
959 2489 1117 2523 Picenus.
1136 2509 1179 2513 —
1194 2487 1398 2523 Gl'infeliei
1418 2486 1580 2522 abitanti

100 2542 139 2578 di
165 2543 292 2589 Capua
317 2556 494 2590 avevano,
521 2546 616 2590 dopo
642 2546 669 2581 il
697 2547 906 2582 miserando
920 2558 1086 2582 successo
1105 2547 1205 2582 della
1220 2547 1299 2583 loro
1318 2546 1580 2589 insurrezione,

1601 374 1607 401 ἒ

1594 448 1605 493 f

1594 495 1611 575 (ss
