1818 2973
254 0 306 15 Β..
318 10 327 13 -
337 0 413 14 .-η-,ὲ

634 48 851 100 raimmvs
873 74 924 105 111,
946 62 980 105 3,
1001 62 1111 98 6--31
1564 63 1610 99 97

244 160 383 210 Ipsum
409 155 557 198 adeam
583 150 868 204 Lesbonicum,
897 155 1095 196 edoceam
1123 155 1171 193 ut
1196 150 1265 194 res
1292 164 1338 194 se
1364 153 1506 195 habet.
1548 184 1583 207 ,ο

246 234 326 274 Sed
353 235 402 273 ut
428 229 505 284 ego
533 242 646 272 nunc
673 227 933 272 adulescenti
961 229 1242 271 thensaurum
1268 223 1450 270 indicem
1531 229 1609 269 750

245 307 458 355 Indomito,
487 308 609 359 pleno
636 305 790 347 amoris
816 316 868 346 ac
895 299 1126 346 lasciuiae?

246 381 444 431 Minime,
472 382 657 423 minume
684 381 832 422 hercle
860 378 981 421 uero:
1012 391 1110 420 nam
1137 377 1254 421 certo
1281 378 1379 427 scio,

248 456 402 499 Locum
431 468 593 509 quoque
621 457 739 496 illum
767 466 932 496 omnem
959 450 1030 495 1’1hi
1059 455 1181 494 situst
1208 451 1458 501 comederit;

247 537 377 583 Quem
405 531 546 574 fodere
574 535 725 578 metuo,
756 529 935 571 sonitum
964 541 1016 571 ne
1045 530 1116 570 ille
1144 527 1355 577 exaudiat,
1547 557 1581 581 2⁵

247 612 338 650 Neu
366 620 456 649 rem
484 603 616 659 ipsam
644 608 823 657 indaget,
854 605 990 647 dotem
1019 606 1120 646 dare
1148 606 1182 645 si
1212 600 1404 645 dixerim.
1528 603 1607 643 755

143 688 225 725 ΜΕ.
253 687 340 732 Quo
367 682 489 734 pacto
517 693 617 733 ergo
645 682 774 733 igitur
803 679 911 721 clam
941 681 1013 721 dos
1041 676 1227 731 depromi
1256 681 1420 730 potest?

141 761 213 799 CA.
242 761 346 798 Dum
374 755 536 798 occasio
564 757 603 797 ei
630 760 699 797 νεῖ
723 754 973 807 reperiatur,
1003 750 1173 796 interim

245 835 306 874 Ab
334 829 467 874 amico
495 833 689 874 alicunde
718 829 905 872 mutuom
934 828 1156 883 argentum
1185 841 1342 882 rogem.

141 912 224 950 ΜΕ.
251 910 371 949 Potin
400 907 463 949 est
490 909 540 948 ab
569 908 703 948 amico
731 903 925 948 alicunde
953 902 1151 948 exorari?
1206 908 1279 946 CA.
1307 908 1464 945 Potest.
1548 935 1580 957 30

140 988 223 1026 ΜΕ.
251 982 421 1032 Gerrae,
451 996 503 1024 ne
532 987 578 1024 tu
605 984 708 1023 illud
738 981 915 1024 uerbum
943 985 1131 1023 actutum
1161 979 1400 1023 inueneris:
1527 981 1607 1020 760

140 1102 535 1146 Capb.XXXIV.-in
561 1113 636 1136 rem
664 1098 678 1114 ‘
698 1101 943 1145 vantaggioso
966 1128 994 1143 „‚
1021 1100 1084 1135 cfr.
1110 1112 1145 1134 n.
1171 1099 1251 1134 238.
1269 1117 1314 1122 —
1357 1097 1452 1133 749.
1478 1099 1608 1142 ipsum,

139 1161 196 1195 col
220 1160 393 1205 palimps.
420 1160 589 1201 ambros,
617 1170 683 1203 per
708 1164 745 1193 ut
771 1159 872 1202 degli
909 1159 997 1193 altri
1035 1158 1138 1193 codd.
1165 1178 1209 1182 —
1227 1159 1473 1192 Lesbo-mcum
1496 1156 1546 1191 ha
1570 1155 1609 1190 la

138 1218 345 1263 penultima
369 1218 494 1262 lunga,
519 1218 653 1262 perche
679 1219 699 1252 0
724 1228 832 1252 1101118
862 1228 971 1260 greco
997 1217 1156 1251 formato
1175 1215 1402 1250 dall'unione
1421 1215 1481 1249 del
1498 1225 1607 1250 nome

138 1277 289 1321 proprio
313 1277 450 1311 Lesbos
476 1276 532 1311 col
558 1278 660 1311 tema
686 1275 746 1310 del
771 1288 804 1310 v.
829 1274 964 1316 νῑκάω;
992 1274 1055 1309 cfr.
1073 1276 1314 1308 Andronicus.
1345 1291 1381 1295 —
1435 1271 1530 1306 750.
1548 1274 1608 1306 sed

138 1339 177 1369 ἴιέ
212 1338 292 1378 ἔρόε
330 1335 358 1369 il
394 1335 566 1379 palimps.
603 1335 761 1369 ambros.
800 1335 940 1369 omette
979 1333 1055 1373 l'ut,
1091 1332 1146 1376 gli
1183 1332 1270 1366 altri
1307 1330 1425 1366 codici
1458 1331 1528 1365 sed.
1560 1347 1607 1353 —

141 1392 235 1427 753.
261 1395 365 1427 sitast
382 1394 401 1428 e
418 1394 457 1428 la
480 1393 621 1428 lezione
640 1393 678 1427 di
695 1392 786 1427 tutti
804 1392 817 1426 i
835 1391 963 1433 codici,
982 1392 1029 1426 ad
1054 1391 1244 1426 eccezione
1271 1390 1332 1424 del
1361 1389 1606 1434 palimpsesto

139 1451 206 1486 che
230 1451 280 1486 ha
303 1453 454 1491 situmst‚
480 1452 707 1486 certamente
732 1462 800 1494 per
824 1461 958 1491 errore,
997 1449 1128 1493 poiche
1165 1449 1194 1484 il
1229 1459 1338 1484 nome
1364 1450 1554 1482 thesaurus
1586 1447 1607 1481 8

138 1520 283 1553 sempre
308 1512 415 1544 usato
442 1509 489 1544 da
514 1509 646 1544 Plauto
673 1519 776 1544 come
794 1507 1008 1543 mascolino.
1026 1523 1071 1528 —
1089 1509 1276 1542 comederit
1299 1506 1380 1548 (fut.
1399 1502 1501 1548 aniz),
1519 1506 1606 1540 sott-

137 1568 170 1600 εἰ
193 1568 366 1601 indicabo.
393 1583 438 1589 -
517 1566 611 1601 754.
637 1578 746 1610 quem,
774 1565 852 1601 scil.
878 1567 991 1600 locum
1018 1567 1076 1600 ubi
1100 1566 1315 1599 thensaurus
1339 1566 1430 1599 situs
1454 1569 1514 1605 est,
1541 1563 1605 1598 cfr.

137 1624 248 1659 Poen.
267 1624 358 1659 1020
374 1625 496 1667 fodere
512 1625 664 1658 hortum.
687 1645 727 1648 —
744 1630 856 1659 metuo
881 1624 1032 1659 coll'inf.
1059 1623 1259 1659 s'incontra
1284 1623 1400 1658 anche
1418 1621 1457 1657 in
1474 1621 1606 1657 Pseud.

138 1682 218 1722 304,
243 1682 326 1717 Aul.
350 1682 430 1724 246,
456 1682 561 1717 Truc.
588 1682 619 1723 2,
645 1683 678 1724 4,
704 1682 736 1716 2.
771 1698 817 1702 -
914 1681 1008 1716 755.
1034 1687 1202 1716 neu==et
1225 1693 1279 1723 ne,
1305 1680 1384 1716 cioe
1413 1677 1427 1693 ⁸
1449 1679 1606 1715 affinche

139 1739 215 1784 egli
238 1751 313 1774 non
338 1740 393 1774 sia
417 1740 638 1775 richiamato
671 1740 732 1775 dal
769 1751 916 1775 rumore
943 1740 990 1775 ad
1016 1750 1203 1775 osservare
1226 1750 1262 1783 „3
1289 1739 1353 1774 cfr.
1382 1738 1487 1782 Capi).
1513 1738 1545 1778 2,
1575 1738 1606 1781 1,

138 1797 183 1831 23
208 1800 322 1832 secede
345 1799 411 1832 huc
429 1800 570 1842 procul,
595 1810 637 1832 ne
662 1800 795 1832 arbitri
820 1800 914 1833 dicta
938 1804 1063 1833 nostra
1081 1799 1261 1832 arbitrari
1285 1802 1411 1842 queant
1436 1808 1504 1831 neu
1525 1807 1605 1841 per-

137 1861 254 1890 manet
267 1857 389 1900 palam
413 1857 496 1890 haec
520 1862 645 1890 nostra
667 1858 828 1899 fallacia.
858 1877 902 1881 —
1000 1856 1093 1891 756.
1113 1868 1193 1899 erqo
1219 1858 1332 1900 iyitur
1357 1857 1376 1890 e
1401 1855 1605 1900 un'espres-

136 1913 239 1949 sione
265 1913 507 1959 tautologica‚
533 1914 599 1949 che
625 1915 826 1950 s'incontra
863 1926 998 1950 ancora
1022 1914 1184 1950 un'altra
1209 1914 1311 1950 volta
1335 1914 1375 1949 in
1399 1913 1543 1957 Plauto,
1565 1913 1605 1948 in

135 1971 243 2007 Most.
268 1971 300 2013 3,
326 1971 358 2014 2,
386 1972 463 2013 161,
491 1983 509 2007 8
538 1972 684 2008 almeno
721 1974 949 2017 quattordici
976 1974 1075 2008 volte
1101 1973 1140 2007 in
1165 1972 1324 2017 Apuleio
1350 1972 1540 2008 imitatore
1567 1971 1605 2006 di

133 2029 288 2065 Plauto:
314 2030 345 2065 si
370 2033 535 2066 mettano
563 2042 584 2065 a
608 2031 789 2068 riscontro
808 2032 842 2067 18
861 2032 1084 2077 espressioni
1103 2034 1208 2066 etiam
1233 2043 1374 2075 quoque,
1399 2033 1483 2075 quia
1502 2032 1605 2072 enim,

133 2092 207 2121 tum
228 2093 362 2132 postea,
386 2101 535 2133 namque
559 2092 661 2124 enim.
687 2106 732 2110 —
829 2090 923 2124 757.
951 2092 1016 2133 rei,
1043 2090 1221 2135 aggiunto
1249 2090 1305 2125 col
1332 2088 1557 2131 camerario,
1584 2089 1604 2123 e

132 2146 390 2182 monosillabo.
428 2147 560 2182 Plauto
586 2147 650 2191 qui
676 2148 806 2183 scrisse
840 2148 937 2183 assai
963 2148 1262 2193 probabilmente
1288 2160 1336 2189 re,
1364 2147 1392 2181 il
1418 2147 1485 2182 che
1523 2157 1604 2182 rese

133 2204 230 2240 assai
254 2204 319 2249 piu
344 2204 454 2240 facile
479 2206 516 2239 al
542 2205 685 2250 copista
709 2206 907 2241 d'ometter
925 2209 1059 2251 questa
1076 2218 1163 2242 voce
1190 2218 1257 2251 per
1281 2206 1319 2240 la
1344 2217 1410 2241 sua
1435 2204 1605 2241 rassomi-

132 2261 278 2304 glianza
303 2263 466 2306 perfetta
490 2262 723 2298 coll'iniziale
749 2263 849 2298 della
872 2263 1001 2308 parola.
1026 2266 1216 2307 seguente.
1241 2281 1286 2286 -
1367 2261 1461 2297 758.
1487 2274 1605 2306 roqem

137 2315 153 2331 ⁴
172 2319 294 2364 potrei
318 2320 488 2356 chiedere
511 2347 539 2363 „‚
564 2319 790 2362 δανειζοίμην
814 2321 870 2356 ἄν.
907 2339 951 2345 -
1049 2321 1143 2356 759.
1178 2324 1291 2365 potin,
1328 2321 1391 2356 cfr.
1415 2333 1451 2356 n.
1477 2320 1533 2356 80.
1558 2340 1605 2347 —

133 2377 373 2422 Megaronide
410 2379 587 2423 previene
624 2379 828 2415 abilmente
866 2379 1042 2423 Callicle,
1079 2379 1234 2415 facendo
1266 2380 1503 2416 intravedere
1537 2379 1604 2415 0118

132 2446 208 2470 11011
232 2437 315 2470 sara.
351 2439 466 2481 punto
493 2438 546 2472 lui
571 2437 717 2473 l'amico
743 2438 810 2473 che
835 2438 891 2473 sia.
915 2438 1079 2482 disposto
1106 2439 1153 2473 ad
1178 2438 1385 2483 anticipare
1410 2438 1439 2473 il
1463 2438 1603 2473 danaro

132 2505 200 2538 per
224 2494 261 2530 la
286 2496 382 2530 dote.
407 2511 450 2518 —
547 2495 641 2531 760.
665 2509 793 2540 yerrae
818 2497 986 2541 significa
1011 2497 1289 2542 propriamente
1319 2494 1331 2509 '‘
1354 2496 1497 2538 vimini‚
1521 2507 1603 2541 gra-

133 2551 220 2588 ticci
242 2580 256 2596 ‚
286 2554 331 2588 ed
355 2555 375 2588 e
401 2554 466 2598 qui
492 2555 694 2599 adoperato
732 2566 798 2599 per
830 2555 996 2590 indicare
1029 2567 1113 2593 cosa
1150 2555 1188 2590 di
1225 2567 1387 2592 nessun
1428 2553 1602 2597 valore;

201 2629 239 2656 E.
260 2629 407 2666 Coccum,
428 2631 536 2658 Plauti
561 2633 765 2660 Trinummus.
1515 2631 1532 2660 7
