1872 2968
619 110 838 136 'rRiNvMMvs
863 110 884 139 1,
907 99 940 140 2,
963 99 1093 132 72—31
1551 96 1596 130 23

236 196 286 235 Et
312 190 402 233 rem
432 202 550 232 suam
578 201 742 231 omnem
771 192 814 229 et
837 185 958 229 ‘illiim
986 189 1275 237 corrumptum
1305 181 1455 225 silium.

239 271 363 314 Haec,
393 263 426 307 si
456 267 510 306 mi
540 265 731 305 inimicus
760 262 879 311 esset,
909 263 1034 303 credo
1063 262 1176 301 haud
1204 259 1409 301 crederet.
1521 262 1596 300 115

134 348 214 386 ΜΕ.
242 345 345 392 Quid
377 346 452 382 tu?
479 341 801 387 adulescentem,
831 337 953 390 quem
982 349 1072 378 esse
1100 340 1385 387 corrumptum
1414 338 1542 383 uich‚

235 420 311 467 Qui
341 416 440 459 tuae
469 417 688 458 mandatus
714 414 777 456 est
806 414 886 454 fide
914 416 955 454 et
985 409 1174 460 sufficiae,
1539 440 1570 464 so

241 494 346 542 Quin
376 490 471 533 etim
500 492 714 533 restituis?
742 485 840 540 quin
871 489 922 528 ad
951 488 1113 539 frugem
1142 485 1353 539 configis?

130 683 268 717 ynarus
292 683 309 705 e
331 670 526 713 ynctriqare
551 669 620 702 essc.
651 683 687 689 —
763 665 839 700 114.
866 669 897 699 et
920 666 1021 699 illum
1048 670 1302 708 corrumptum.
1328 663 1378 698 Lo
1405 663 1564 707 Spengel
1580 675 1598 698 e
1636 654 1641 657 .

132 729 160 764 il
186 728 282 770 Brix‚
308 739 373 772 per
397 726 518 761 evitar
542 725 747 769 l'anapesto
775 735 793 759 e
819 724 906 758 dare
926 723 960 757 al
979 734 1084 757 verso
1102 733 1176 756 una
1194 733 1333 764 cesura,
1349 733 1600 766 pospongom,

132 788 258 821 contro
282 784 320 819 la
345 784 486 819 lezione
516 783 576 817 dei
610 794 707 822 mss„
734 792 794 816 ma
818 781 915 816 forse
940 791 1012 814 non
1039 791 1148 814 senza
1174 791 1381 823 apparenza
1407 779 1444 813 di
1470 779 1599 821 verita,

131 846 234 878 illum
259 855 281 878 a
305 847 558 886 corrumptum.
585 840 730 882 Quanto
756 840 830 874 alla
855 839 974 874 forma
999 837 1145 872 arcaica
1169 843 1411 881 corrumptum
1435 848 1502 881 per
1527 849 1600 872 cor-

133 908 278 946 ruptum
307 899 386 943 (cfr.
424 905 651 943 corrumptor
675 899 737 933 nel
767 898 953 943 palimps.,
979 908 1012 931 v„
1038 896 1106 930 240
1132 896 1245 932 Trin.)
1283 896 1313 930 si
1350 898 1439 931 nota
1476 896 1602 939 quella

134 962 252 995 stessa
276 958 479 994 inserzione
506 958 543 992 di
567 956 705 998 nasale,
732 957 799 992 che
825 955 997 990 abbiamo
1028 955 1091 998 gia
1116 956 1306 989 osservata
1330 954 1369 988 in
1395 960 1554 996 nanctus,
1582 965 1601 989 e

135 1018 202 1052 che
237 1017 300 1061 qui
338 1017 434 1052 forse
473 1027 535 1051 era
575 1015 719 1049 aiutata
756 1015 872 1049 anche
898 1013 1164 1056 dall'analogia
1189 1014 1249 1048 dei
1286 1013 1460 1058 participi
1499 1025 1602 1049 come

135 1081 296 1119 sumptus
321 1086 391 1109 ecc.
410 1089 454 1094 -
502 1073 578 1107 115.
605 1075 708 1106 credo
725 1075 821 1107 haud
845 1075 1018 1107 crederet:
1045 1072 1072 1106 il
1090 1084 1122 1107 v,
1142 1074 1243 1106 credo
1262 1072 1292 1106 si
1311 1075 1416 1107 ‘trova
1433 1072 1601 1116 frequen-

134 1134 298 1167 temente
323 1132 523 1176 adoperato
549 1133 657 1165 senza
682 1130 864 1164 influenza.
889 1130 985 1165 sulla
1016 1130 1266 1170 costruzione3
1294 1131 1356 1165 cfr.
1383 1131 1493 1164 Mero.
1523 1132 1552 1171 1,
1570 1131 1602 1172 2,

133 1191 179 1224 94
202 1191 315 1231 credo,
341 1200 411 1223 non
436 1190 550 1223 credet
580 1194 696 1232 pater,
724 1187 830 1231 Epid.
858 1189 888 1229 1,
918 1190 946 1229 1,
974 1188 1017 1222 32
1044 1189 1217 1222 Mulciber
1250 1190 1352 1222 credo
1378 1201 1480 1222 arma
1508 1191 1601 1231 fecit.

132 1246 203 1282 cfr.
229 1258 295 1291 per
320 1246 358 1281 la
382 1246 600 1290 ripetizione
632 1246 690 1280 del
725 1245 928 1281 medesimo
955 1247 1065 1282 verbo
1093 1246 1197 1290 capt.
1223 1247 1255 1287 2,
1282 1247 1314 1286 3,
1333 1247 1376 1281 49
1406 1249 1538 1289 faciam
1564 1252 1603 1281 ut

131 1306 245 1348 faciat
268 1306 416 1347 facilius
445 1315 464 1339 e
498 1303 526 1338 il
563 1306 651 1339 noto
678 1315 727 1338 eS.
754 1303 930 1338 dantesco
959 1302 972 1316 ‘⁶
994 1304 1028 1339 io
1055 1305 1163 1339 credo
1190 1304 1256 1339 che
1283 1305 1317 1339 ei
1343 1305 1507 1339 credette
1535 1305 1602 1340 che

133 1362 169 1396 io
195 1361 355 1397 credessi
376 1389 404 1404 „.
430 1379 475 1384 —-
523 1360 600 1395 116.
626 1362 711 1405 quid
735 1366 782 1400 tu,
809 1361 871 1395 cfr.
892 1361 994 1404 Caph.
1014 1361 1046 1404 3,
1072 1362 1104 1402 5,
1123 1362 1178 1396 59.
1204 1382 1249 1386 -
1298 1361 1374 1396 117.
1399 1364 1603 1404 fide=fidei

102 1453 110 1459 ,
134 1419 209 1454 dat.
235 1419 287 1454 La
311 1420 544 1455 contrazione
570 1419 668 1454 della
694 1419 892 1454 desinenza
909 1420 967 1454 del
985 1431 1068 1463 gen.
1088 1431 1106 1454 e
1125 1420 1198 1454 dat.
1218 1420 1278 1454 dei
1296 1420 1396 1455 nonii
1415 1420 1451 1454 di
1470 1420 1602 1464 quinta

133 1477 384 1512 declinazione
410 1478 457 1512 da
481 1480 526 1512 -ei
551 1477 588 1512 in
615 1477 650 1508 -5
672 1477 908 1521 corrisponde
947 1477 1023 1512 alla
1059 1478 1232 1512 chiusura
1268 1478 1369 1513 della
1405 1479 1603 1513 desinenza

134 1541 186 1569 ·ᾰῑ
218 1535 278 1570 dei
312 1546 396 1579 gen.
435 1546 454 1570 e
481 1535 555 1570 dat.
591 1535 628 1569 di
666 1535 788 1579 prima
824 1535 1076 1570 declinazione
1114 1536 1175 1570 nel
1213 1536 1382 1579 dittongo
1409 1549 1472 1577 -ae,
1501 1537 1545 1571 ed
1582 1538 1601 1571 e

132 1592 284 1637 propria
308 1605 381 1628 non
407 1593 484 1628 solo
511 1593 570 1628 del
596 1592 714 1628 latino
751 1593 927 1637 popolare
954 1594 1104 1628 dell‘eta
1142 1594 1178 1628 di
1214 1594 1356 1637 Plauto,
1382 1606 1442 1628 ma
1469 1606 1603 1630 ancora

133 1650 233 1685 della
245 1651 374 1695 poesia
390 1662 409 1686 e
428 1651 528 1685 della
552 1662 662 1695 prosa
687 1651 807 1686 latina
824 1651 989 1686 classica.
1009 1652 1171 1687 Ace-anto
1198 1652 1232 1686 ai
1257 1653 1415 1695 genitivi
1441 1653 1603 1696 plautini

133 1709 190 1742 die
215 1707 318 1752 Capt.
343 1709 423 1750 800,
447 1710 540 1751 facie
565 1709 642 1743 Mil.
672 1709 772 1751 1172,
796 1710 864 1752 fide
889 1709 988 1744 Pers.
1015 1710 1046 1750 2,
1065 1710 1097 1750 2,
1120 1711 1171 1751 11,
1198 1710 1381 1745 troviamo
1406 1710 1419 1744 i
1444 1711 1603 1754 genitivi

135 1764 279 1800 classici
303 1768 422 1809 requie
446 1766 534 1800 Sall.
559 1766 644 1801 hist.
671 1778 724 1810 pr.
750 1767 863 1801 Prisc.
883 1768 913 1808 7,
933 1768 987 1808 94,
1002 1770 1162 1810 pernicie
1187 1767 1260 1802 Cic.
1287 1768 1390 1803 Rosc.
1409 1770 1531 1803 Amer.
1544 1770 1601 1811 45,

128 1823 214 1866 131,
229 1825 341 1867 specie
354 1825 428 1858 acie
445 1823 546 1859 Caes.
564 1824 603 1858 B.
623 1823 664 1858 G.
683 1824 714 1865 2,
733 1824 788 1865 23,
805 1825 834 1865 1,
848 1827 996 1859 meridie
1021 1825 1122 1860 Caes.
1143 1826 1181 1860 B.
1198 1825 1239 1860 G.
1259 1828 1289 1867 7,
1308 1826 1362 1867 83,
1382 1827 1413 1868 5,
1430 1828 1498 1869 fide
1514 1827 1601 1863 Hor.

135 1879 254 1915 Carm.
280 1881 312 1922 3,
339 1882 369 1922 7,
395 1883 418 1916 4
443 1892 462 1916 e
488 1881 524 1916 la
543 1881 829 1917 testimonianza
852 1882 889 1916 di
909 1882 1041 1924 Gellio,
1060 1884 1091 1924 9,
1112 1885 1165 1924 14,
1183 1884 1238 1925 25,
1257 1884 1284 1918 il
1302 1884 1411 1928 quale
1427 1885 1602 1921 afferma:

133 1940 194 1973 sed
208 1940 244 1972 C.
267 1940 400 1973 Caesar
416 1941 454 1972 in
472 1940 563 1973 libro
582 1941 623 1973 de
641 1941 808 1983 analogia
833 1943 983 1974 secundo
1008 1943 1137 1976 huius
1162 1943 1230 1976 die
1254 1948 1283 1976 et
1309 1944 1438 1977 huius
1462 1946 1603 1987 specie

131 1998 314 2031 dicendum
337 2002 450 2041 putat.
476 1998 640 2032 Accanto
679 1998 715 2032 ai
752 1998 870 2032 dativi
907 1999 1068 2042 plautini
1094 2002 1150 2034 die
1176 2000 1275 2034 Trin.
1301 2001 1380 2043 843,
1405 2003 1473 2043 fide
1501 2002 1600 2037 Trin.

135 2054 202 2089 128
231 2054 480 2091 s'incontrano
497 2055 536 2090 in
555 2055 731 2091 Sallustio
749 2068 803 2100 pr.
822 2056 933 2091 Prisc.
954 2058 985 2097 7,
1003 2058 1047 2092 93
1066 2061 1149 2099 acie,
1168 2058 1206 2092 in
1224 2059 1366 2094 Lucilio
1383 2071 1436 2104 pr.
1458 2059 1550 2095 Gell.
1570 2061 1601 2102 9,

133 2112 188 2154 14,
213 2112 259 2146 22
282 2114 385 2155 faeie,
420 2113 459 2147 in
497 2113 626 2148 Orazio
665 2113 780 2148 Serm.
810 2115 839 2154 1,
866 2115 898 2155 3,
926 2116 968 2150 95
993 2117 1060 2158 side
1086 2127 1105 2150 e
1131 2116 1170 2150 in
1197 2116 1299 2151 Livio
1327 2118 1358 2159 5,
1388 2118 1440 2158 13,
1473 2119 1492 2152 5
1519 2130 1600 2162 per-

131 2172 234 2205 m'cie.
265 2187 300 2193 -
357 2169 434 2205 118.
459 2173 676 2215 quin=cur
700 2183 781 2206 non.
807 2190 852 2196 —
877 2185 955 2207 eum
980 2185 1083 2208 serve
1111 2185 1132 2209 a
1158 2174 1350 2218 ripigliare
1376 2175 1403 2209 il
1430 2178 1600 2212 concetto

132 2239 298 2273 espresso
324 2229 372 2263 da
388 2229 650 2263 adulescentem.
669 2229 740 2264 Cfr.
759 2230 860 2264 Asin.
879 2231 945 2266 527
964 2233 1046 2266 illos
1069 2234 1130 2276 qui
1155 2234 1252 2274 dant,
1271 2244 1327 2267 eos
1352 2235 1502 2275 derides,
1521 2234 1600 2270 Cas.

133 2286 200 2321 655
225 2292 287 2321 tua
312 2288 455 2328 ancilla,
473 2299 577 2330 quam
603 2293 641 2321 tu
666 2292 724 2322 tuo
748 2289 849 2322 vilico
867 2291 918 2322 vis
935 2290 1023 2323 dare
1042 2301 1197 2330 naeorem,
1216 2302 1256 2324 ea
1281 2293 1394 2332 iatum
1421 2292 1517 2327 Men.
1533 2292 1600 2328 853

132 2355 243 2379 nunc
266 2345 375 2379 hunc
398 2346 758 2388 impurissimum,
786 2347 986 2380 Barbatum
1002 2349 1191 2381 tremulum
1213 2349 1410 2392 Tithonum,
1428 2352 1489 2393 qui
1513 2352 1601 2385 cluet

135 2403 266 2437 Cucino
290 2408 405 2446 patre,
423 2404 480 2437 Ita
510 2404 597 2437 mihi
615 2405 780 2447 imperas,
802 2410 837 2437 ut
853 2416 912 2447 eqo
938 2406 1066 2439 huius
1090 2407 1245 2440 membra
1270 2412 1371 2451 atque
1395 2419 1475 2442 ossa
1501 2414 1601 2453 atque

131 2465 241 2494 artua
268 2461 522 2495 Comminuam.
541 2476 585 2481 —
611 2463 795 2496 restituere
825 2460 837 2474 ‘⁶
861 2462 1074 2498 ricondurre
1093 2464 1189 2498 sulla
1207 2464 1330 2499 buona
1355 2465 1417 2500 via
1438 2492 1467 2508 „.
1494 2485 1535 2488 —
1554 2469 1602 2502 ad

130 2519 266 2561 fruyem
293 2521 676 2563 conriqis=conriqis
703 2525 738 2553 ut
764 2521 811 2553 ad
834 2522 973 2563 fruyem
998 2519 1097 2561 (sott.
1124 2520 1263 2562 bonam)
1288 2525 1418 2565 redeat,
1446 2529 1482 2557 ut
1499 2526 1602 2568 fruyi

131 2576 187 2620 (ε
199 2573 369 2621 χρηστός)
381 2579 454 2619 fiat.
469 2577 540 2612 Cfr.
568 2589 600 2611 v,
618 2577 686 2612 270
701 2588 719 2613 e
739 2578 867 2613 Bacch.
890 2579 978 2614 1085
997 2581 1117 2622 ecquid
1134 2591 1208 2613 eum
1229 2582 1277 2613 mi
1294 2584 1341 2616 ad
1358 2584 1520 2617 virtutem
1539 2588 1601 2618 aut
