1818 2973
612 103 832 130 ‘rnmvuuvs
843 96 904 136 iv,
927 93 960 135 2,
982 92 1118 128 49-65
1536 93 1602 130 113

106 163 204 227 *cm
231 169 292 227 Ab
318 184 437 236 ipson
465 185 566 226 istas
592 183 820 236 accepisti?
887 187 960 227 Sv.
989 186 1022 224 E
1048 182 1243 225 manibus
1282 184 1396 225 dedit
1429 185 1485 225 mi
1513 185 1602 237 ipse

1366 271 1410 300 1n
1438 272 1602 302 manus.

129 338 204 377 Cn.
231 334 322 384 Qua
350 336 478 378 facies
509 334 664 377 homo?
730 338 802 378 Sv.
843 336 1097 387 Sesquipede
1139 331 1348 387 quidamst
1388 347 1513 387 quam
1554 339 1602 377 tu

1426 410 1601 463 longior.

129 490 206 530 Cn.
233 485 391 529 Haeret
419 487 526 529 haec
553 499 633 535 reS,
653 482 857 538 siquidem
878 499 954 538 ego
975 488 1124 528 absens
1144 483 1235 527 stim
1257 498 1383 538 quam
1402 498 1602 538 praesens

1425 560 1601 614 longior.

232 639 425 681 Nouistin
453 635 695 679 hominem?
749 639 822 679 Sv.
857 638 1049 678 Ridicule
1091 636 1260 689 rogitas,
1303 638 1474 689 quicum
1514 637 1601 679 una

1292 714 1431 754 cibum
1460 743 1494 767 so
1523 714 1602 753 905

234 787 394 840 capere
422 789 545 830 soleo.
600 790 673 828 CH.
703 784 806 836 Quid
836 790 899 829 est
927 788 967 829 ei
995 790 1172 828 nomen?
1227 791 1299 830 SV.
1319 787 1433 836 Quod
1454 789 1602 840 edepol

1270 860 1430 904 homini
1460 865 1600 915 probo.

128 942 203 981 Cn.
232 935 364 981 Lubet
391 939 550 981 audire.
606 941 678 981 Sv.
706 940 769 978 Illi
790 936 936 990 edepol
955 961 1006 969 -
1025 939 1085 978 illi
1106 961 1156 969 —-
1176 935 1236 979 illi
1265 961 1318 970 —
1347 951 1427 981 uae
1448 939 1602 981 misero

1483 1015 1602 1055 mihi.

128 1093 203 1132 Cn.
232 1086 337 1140 Quid
366 1093 428 1132 est
456 1091 626 1142 negoti?
681 1092 752 1132 Sv.
782 1087 991 1130 Deuor‘aui
1021 1088 1171 1131 nomen
1203 1089 1446 1142 imprudens
1468 1092 1603 1131 modo.

129 1169 204 1208 CH.
232 1165 323 1208 Non
351 1168 487 1217 placet
517 1167 584 1217 qui
615 1161 770 1206 amicos
799 1166 910 1205 intra
940 1163 1075 1206 dentis
1104 1162 1322 1207 conclusos
1351 1167 1492 1207 habet.

129 1246 202 1286 SV.
230 1227 357 1294 Atqui
385 1243 510 1282 etiam
543 1242 662 1281 modo
690 1239 942 1281 uox-sabatur
971 1237 1072 1280 mihi
1103 1243 1143 1280 in
1175 1242 1302 1281 labris
1342 1241 1604 1293 primoribus.

1463 1348 1496 1371 65
1525 1321 1604 1358 910

130 1476 226 1511 fatto
245 1475 311 1511 che
336 1475 364 1509 il
382 1475 497 1520 foglio
524 1475 583 1510 del
609 1475 853 1519 palimpsesto
880 1475 1038 1510 relativo
1058 1486 1079 1509 a
1097 1476 1229 1519 questo
1256 1487 1364 1520 passo
1401 1479 1607 1522 comporte-

130 1534 243 1568 rebbe
270 1533 368 1568 assai
393 1533 458 1577 piu
484 1533 581 1568 versi
599 1533 636 1567 di
654 1533 772 1578 quelli
791 1533 858 1568 che
877 1533 940 1576 qui
970 1532 1001 1567 si
1028 1533 1201 1577 leggono,
1219 1545 1388 1578 suppone
1416 1536 1483 1571 che
1509 1536 1605 1580 dopo

128 1590 157 1625 il
183 1603 215 1625 v.
235 1591 300 1626 901
327 1602 374 1625 ne
400 1591 504 1626 siano
531 1591 658 1626 caduli
683 1591 830 1626 almeno
858 1590 946 1626 altri
972 1591 1054 1632 due,
1080 1592 1119 1625 iu
1145 1591 1204 1626 cui
1231 1592 1402 1628 Carmide
1429 1594 1459 1628 si
1488 1605 1606 1629 mara·

129 1648 360 1693 viglierebbe
385 1649 486 1684 della
511 1651 685 1693 sorgente
717 1650 765 1684 da
793 1650 851 1684 cui
888 1652 1020 1693 questo
1058 1649 1230 1685 briecone
1258 1651 1370 1686 abbia
1394 1654 1526 1695 potuto
1552 1654 1606 1687 at-

128 1708 254 1751 tinget
270 1706 408 1742 notizie
426 1707 464 1741 di
481 1719 555 1742 una
573 1718 640 1742 sua
657 1707 801 1742 dimora
818 1707 857 1741 in
877 1707 1057 1749 Seleucia,
1078 1708 1140 1742 cfr.
1158 1720 1189 1742 v.
1205 1709 1284 1743 928.
1304 1727 1346 1731 —
1396 1709 1493 1745 902.
1511 1712 1607 1745 dedit

130 1767 150 1800 e
180 1765 244 1809 qui
261 1767 477 1809 computato
503 1777 607 1800 come
633 1777 682 1800 un
708 1766 919 1810 pirricchio,
953 1766 1017 1800 cfr.
1051 1767 1190 1801 Introd.
1223 1767 1328 1811 Capt.
1362 1767 1527 1803 XXXIV.
1559 1784 1606 1789 —

129 1822 226 1857 903.
252 1826 632 1867 sesqui-=semisque.
660 1841 702 1845 —
728 1825 908 1867 quidamst
925 1824 981 1858 col
1000 1824 1129 1865 Bothe,
1157 1836 1224 1869 per
1248 1827 1452 1868 quiddamst
1469 1825 1531 1861 dei
1549 1837 1605 1862 co-

129 1881 216 1924 dici,
244 1879 258 1894 '¹
280 1883 299 1916 e
325 1893 400 1916 una.
424 1892 584 1925 persona
608 1908 635 1923 ,.
661 1899 704 1904 -
801 1881 898 1916 904.
933 1882 1069 1924 Questo
1108 1894 1212 1918 verso
1238 1883 1269 1917 si
1294 1885 1401 1918 trova,
1434 1884 1512 1919 solo
1542 1886 1606 1920 nel

129 1940 270 1975 codex
296 1941 437 1980 vetus,
464 1951 482 1975 e
508 1940 546 1974 fu
572 1940 717 1975 riferito
743 1951 765 1975 a
790 1941 961 1976 Carmidc
981 1941 1042 1975 dal
1057 1941 1283 1976 Camerario.
1308 1958 1353 1964 —
1378 1943 1498 1976 haeret
1522 1944 1607 1978 haec

128 2010 187 2032 res
211 2000 231 2033 e
255 1997 553 2043 un’espressione
579 1989 834 2042 proverbiale:
865 1997 878 2011 “
901 1999 937 2033 la
955 2010 1040 2034 cosa
1064 2010 1138 2034 non
1157 2000 1343 2034 cammina
1360 2000 1425 2044 piu
1450 2000 1508 2035 sui
1525 2002 1606 2037 suoi

129 2056 232 2100 piedi
253 2083 267 2099 ,,
284 2069 292 2097 ;
319 2056 384 2091 cfr.
401 2056 535 2100 Amph.
553 2057 587 2098 2,
604 2057 637 2098 2,
657 2057 735 2093 182.
754 2074 796 2080 -·
812 2069 917 2102 quam
943 2058 999 2093 col
1025 2057 1249 2099 Rittershus,
1268 2069 1335 2102 per
1352 2061 1436 2102 quia
1462 2059 1522 2093 dei
1548 2070 1605 2095 co-

130 2113 216 2148 dici.
241 2132 288 2138 -
382 2113 478 2148 905.
503 2116 643 2157 quicum
668 2116 688 2149 e
713 2117 812 2150 stato
838 2115 1028 2151 sostituito
1054 2115 1116 2150 dal
1141 2115 1360 2151 Fleckeisen
1395 2116 1431 2151 al
1460 2129 1605 2160 quocum

129 2172 197 2206 che
221 2171 346 2206 hanno
372 2171 386 2206 i
411 2172 540 2215 codici,
566 2172 702 2216 perche
729 2174 748 2207 e
774 2176 908 2217 questa
932 2186 1007 2208 una
1025 2174 1258 2218 espressione
1285 2174 1414 2209 affatto
1433 2177 1607 2211 estranea

129 2229 206 2265 alla
230 2230 362 2274 lingua.
385 2241 405 2265 e
431 2230 562 2265 all'uso
587 2230 770 2274 plautino.
797 2249 841 2254 —
902 2231 999 2266 906.
1025 2232 1054 2266 Il
1080 2233 1261 2267 sicofante
1287 2233 1336 2267 ha
1360 2233 1605 2270 dimenticato

127 2287 156 2323 il
179 2299 302 2330 nome,
329 2300 348 2324 e
375 2299 480 2324 cerca
504 2288 630 2333 percio
656 2289 694 2323 di
720 2289 850 2324 eludet
875 2289 913 2324 la,
937 2290 1123 2324 domanda
1149 2302 1216 2326 con
1242 2302 1317 2325 una.
1341 2291 1505 2336 risposta
1521 2303 1605 2328 eva—

129 2345 221 2382 siva.
245 2363 291 2369 —
410 2346 506 2382 907.
532 2348 590 2381 illi
614 2347 671 2382 col
698 2347 921 2389 Camerario,
947 2359 1014 2392 per
1037 2349 1098 2382 ille
1122 2348 1182 2383 dei
1208 2348 1337 2384 codici.
1364 2350 1405 2384 In
1430 2361 1505 2385 una
1522 2361 1605 2386 con-

128 2404 306 2449 giuntura.
330 2404 453 2440 simile
470 2405 551 2440 dice
569 2405 752 2440 Lisimaeo
767 2417 787 2440 a
802 2417 869 2440 sua
884 2406 1020 2449 moglie
1049 2406 1089 2440 in
1108 2407 1218 2442 Merc.
1236 2407 1270 2448 4,
1289 2407 1321 2449 3,
1339 2407 1404 2442 23:
1429 2408 1513 2453 Lys.
1535 2411 1605 2444 Vin

127 2464 271 2497 dicam?
294 2462 359 2498 Do.
388 2463 563 2505 Quoius-t?
585 2463 667 2507 Lyn.
685 2465 758 2498 Illa
783 2483 828 2488 ——
853 2465 918 2498 illa
944 2465 1062 2507 edepol
1093 2481 1130 2486 -
1157 2476 1218 2499 vae
1243 2466 1353 2499 me'hi!
1377 2469 1492 2501 nescio
1518 2469 1605 2511 quid

127 2521 255 2555 dicam.
284 2540 326 2546 —
407 2520 504 2556 909.
528 2523 630 2556 intra
659 2519 672 2534 '‘
695 2522 731 2557 al
757 2521 795 2556 di
820 2522 962 2564 denti-0,
989 2521 1026 2556 al
1060 2521 1098 2556 di
1123 2521 1243 2557 dietro
1266 2550 1294 2566 „.
1320 2540 1367 2546 —
1447 2523 1535 2560 910.
1565 2527 1606 2560 in

126 2579 241 2614 labris
263 2580 485 2623 primoribus
513 2576 526 2592 ⁸
547 2579 644 2614 sulla
661 2581 780 2624 punta
804 2580 905 2615 della
921 2580 1051 2624 lingua.
1072 2607 1101 2624 „.
1129 2595 1170 2600 -
1221 2580 1298 2616 911.
1325 2582 1374 2617 Le
1400 2594 1604 2627 menzogne

193 2655 231 2683 E.
253 2655 400 2691 coccum,
421 2656 531 2685 Plauti
553 2657 751 2686 Trinummua
1512 2661 1530 2687 8
