1818 2973
83 184 160 224 ΡΗ.
188 179 258 222 Pol
288 182 447 233 pudere
475 179 597 231 quum
628 181 771 231 pigere
800 176 985 230 praestat
1014 178 1185 218 totidem
1217 172 1381 218 litteris.
1475 181 1552 217 343

87 260 158 296 Lv.
185 250 339 307 Edepol
369 257 490 296 deum
521 251 680 295 uirtute
708 254 856 301 dicam,
878 251 1009 303 peter,
1039 255 1082 293 et
1110 253 1316 292 maiorum
1346 249 1387 291 e’t
1417 255 1487 291 tua
1519 282 1551 304 ⁶5

190 326 320 370 Multa
351 331 456 370 bona
485 330 590 370 bene
618 326 738 378 perta
768 328 992 367 habemus:
1029 323 1135 366 bene
1163 327 1195 365 si
1226 327 1358 366 amico
1389 323 1552 373 feceris,

189 403 252 445 Ne
282 405 420 455 pigeat
447 398 613 444 fecisse:
643 405 687 441 ut
716 403 851 452 potius
880 397 1046 452 pudeat,
1075 401 1109 439 si
1138 412 1219 440 non
1250 398 1412 440 feceris.

88 484 162 520 PH.
192 477 250 520 De
278 480 438 530 magnis
466 473 621 518 diuitiis
648 477 781 526 siquid
812 473 965 523 demam,
994 477 1087 525 plus
1115 475 1160 514 fit
1188 473 1242 515 ἐκ]
1272 475 1439 514 minus?

89 558 166 597 Lv.
196 552 340 601 Minus,
372 557 512 605 pater:
545 553 614 593 sed
658 548 740 592 ciui
783 552 956 590 immuni
986 546 1072 590 sein
1103 551 1199 600 quid
1229 545 1393 590 cantari
1420 550 1552 589 solut?

1476 627 1553 663 350

194 703 331 752 ‘Quod
362 704 491 743 hahes
518 714 571 743 ne
598 700 755 742 habees
784 703 826 742 et
854 701 954 741 illuc
983 700 1090 751 quod
1121 699 1201 740 non
1230 700 1360 740 habes
1397 698 1554 740 habeus

1295 776 1436 822 uelim,
1493 804 1526 827 '70

568 98 786 125 nummus
809 99 845 130 n,
868 89 903 128 2,
925 85 1063 122 55-70
1509 87 1550 123 51

88 946 210 979 trove:
241 944 304 978 cfr.
329 947 515 977 emunctam
544 940 640 983 (406)
668 941 829 977 formato
855 953 897 976 su
922 945 1085 985 expotum
1109 939 1202 979 (427)
1230 952 1248 975 e
1276 940 1379 985 Capt.
1406 940 1484 975 763.
1510 957 1555 963 —-

93 1001 187 1036 345.
209 1003 543 1046 pudere...pi9ere:
570 1000 633 1035 cfr.
652 999 782 1041 Nonio,
808 1011 844 1043 p.
869 999 950 1041 423,
977 1000 1040 1033 27:
1069 997 1082 1010 “
1098 1001 1206 1042 pudet
1224 999 1469 1034 verecundiae
1488 1000 1556 1039 est,

88 1062 180 1103 piget
204 1059 458 1103 paenitentiae
476 1084 505 1101 „.
531 1059 700 1092 L'autore
719 1057 867 1092 scherza
885 1057 1126 1101 sull'opposto
1145 1057 1352 1100 significato
1371 1057 1409 1090 di
1419 1058 1557 1100 pudere

90 1128 108 1151 e
132 1119 262 1160 pe'qere‚
289 1128 308 1151 e
334 1116 437 1150 dice:
464 1117 483 1150 e
509 1115 647 1158 meglio
683 1115 748 1149 che
782 1116 824 1148 tu
853 1114 994 1149 t'abbia
1019 1126 1041 1148 a
1066 1125 1295 1158 vergognare
1321 1114 1457 1158 perche
1481 1125 1556 1148 non

87 1174 141 1217 gli
166 1174 228 1208 hai
253 1174 340 1208 dato
366 1173 480 1215 nulla,
507 1172 657 1207 auziche
683 1184 705 1206 a
729 1172 885 1216 pentirti
910 1172 1044 1215 perche
1077 1172 1139 1206 hai
1170 1172 1325 1215 perduto
1350 1172 1378 1206 il
1403 1174 1468 1207 tuo
1494 1172 1557 1206 da-

86 1243 195 1272 naro;
219 1231 283 1266 cfr.
308 1231 439 1265 Pseud.
468 1232 498 1271 1,
525 1231 556 1271 3,
582 1232 625 1265 47
652 1232 763 1264 nimio
793 1232 831 1263 id
864 1231 955 1273 quod
982 1231 1093 1273 pudet
1125 1231 1272 1267 facilius
1295 1231 1426 1271 fertur,
1451 1241 1556 1273 quam

87 1291 178 1324 illud
201 1291 293 1333 quod
306 1292 411 1333 piyet.
431 1306 473 1311 —·
491 1290 629 1323 totidem
657 1289 786 1322 litteris
811 1289 830 1322 e
857 1287 1151 1331 un’espressione
1171 1288 1333 1321 comica:
1364 1285 1376 1299 “
1395 1288 1554 1322 sebbene

88 1349 218 1391 queste
251 1347 378 1392 parole
413 1347 572 1382 abbiano
599 1347 634 1381 lo
660 1349 776 1381 stesso
808 1357 960 1380 numero
987 1345 1023 1379 di
1049 1345 1182 1380 lettere
1201 1372 1230 1388 Μ
1255 1356 1346 1389 pure
1373 1346 1392 1380 e
1418 1345 1556 1390 meglio

89 1406 393 1449 vergognarsi
424 1405 573 1440 anziohe
606 1404 824 1448 pentirsi.
852 1425 894 1429 —
992 1402 1086 1437 346.
1113 1405 1225 1444 deum,
1250 1415 1333 1447 gen.
1360 1403 1466 1447 plur„
1492 1404 1556 1438 cfr.

91 1475 122 1498 v.
147 1463 227 1498 241.
252 1483 297 1488 —-
322 1465 686 1506 virtute=beneficio‚
705 1465 845 1502 merito;
873 1462 939 1499 cfr.
964 1461 1043 1496 Aul.
1072 1463 1139 1496 164
1165 1473 1223 1504 eyo
1248 1464 1376 1496 virtute
1399 1464 1502 1496 deum
1527 1467 1557 1496 et

87 1523 263 1556 maiorum
288 1526 449 1556 nostrum
475 1523 570 1555 die-es
595 1533 672 1555 sum
697 1523 796 1554 satis.
825 1538 866 1542 —
901 1523 1017 1554 dicam
1047 1518 1113 1554 “io
1139 1520 1260 1564 potrei
1287 1520 1366 1554 dire
1383 1547 1396 1562 „
1426 1522 1445 1554 e
1472 1520 1554 1555 ado-

87 1581 217 1623 petato
253 1580 293 1614 in
329 1579 448 1614 forma
484 1579 735 1622 parentetica;
771 1579 834 1613 cfr.
870 1579 948 1618 355,
983 1578 1061 1613 643.
1090 1595 1132 1600 -
1232 1577 1325 1612 348.
1352 1590 1394 1612 ne
1414 1580 1556 1621 piyeat:

86 1636 112 1670 l'
126 1636 348 1681 imperativo
374 1637 575 1680 proibitivo
602 1637 697 1672 00113
721 1639 823 1671 terza
846 1647 1005 1680 persona
1023 1636 1053 1670 si
1080 1635 1239 1679 esprime
1260 1638 1556 1670 costantemente

90 1694 205 1729 anche
229 1694 292 1729 nel
317 1695 434 1729 latino
470 1696 624 1730 classico
658 1696 715 1729 col
740 1696 913 1739 presente
941 1694 1000 1728 del
1027 1705 1152 1737 cong.;
1182 1693 1245 1727 cfr.
1266 1705 1360 1738 puer
1385 1695 1489 1728 telum
1515 1706 1558 1727 ne

90 1753 224 1786 habeat.
249 1772 293 1776 —
318 1758 356 1786 ut
374 1755 497 1796 potius
525 1752 537 1765 ‘⁴
557 1753 649 1794 anzi,
675 1753 857 1797 piuttosto
877 1764 913 1794 „:
938 1752 1004 1786 l'ut
1028 1763 1103 1786 non
1134 1754 1153 1786 e
1187 1751 1465 1796 propriamente
1492 1752 1556 1796 qui

87 1809 263 1844 richiesto
297 1821 363 1853 per
396 1811 622 1854 completare
655 1811 683 1844 il
720 1822 838 1850 senso,
873 1821 934 1844 ma
959 1812 978 1844 e
1005 1821 1123 1844 messo
1150 1809 1312 1844 soltanto
1338 1809 1375 1843 in
1402 1809 1555 1844 antitesi

87 1866 125 1900 di
150 1879 203 1900 ne.
223 1883 264 1888 —
285 1869 420 1910 pudeat
444 1870 463 1902 *e
490 1879 594 1911 cong.
613 1868 651 1902 di
675 1868 861 1902 necessita
879 1867 1080 1911 adoperato
1107 1878 1128 1900 a
1152 1867 1210 1900 far
1233 1867 1268 1901 le
1295 1866 1375 1901 veei
1400 1867 1555 1901 dell'im-

86 1924 278 1967 perativo:
297 1936 377 1960 esso
396 1925 567 1969 equivale
586 1937 608 1960 3
629 1924 642 1937 “
659 1926 821 1960 dovresti
841 1925 1076 1968 vergognarti
1096 1951 1124 1966 „.
1142 1942 1186 1946 —
1246 1923 1341 1958 349.
1359 1926 1400 1958 de
1418 1927 1556 1968 maqnis

87 1982 457 2016 ᾱίυίίιϊε-τπλούτου
483 1982 608 2023 καίπερ
635 1983 787 2022 μεγάλου
814 1982 932 2022 ὄντος.
960 2003 1005 2007 -
1078 1981 1172 2016 350.
1191 1984 1308 2017 minus
1332 1994 1406 2017 non
1432 1983 1469 2017 fa
1494 1994 1554 2026 po—

86 2040 236 2081 sizione,
261 2040 324 2075 cfr.
351 2039 488 2074 Introd.
516 2039 621 2083 Capt.
647 2040 846 2074 XXXVIII.
877 2058 912 2062 —
942 2043 1122 2082 immunis,
1149 2041 1307 2075 secondo
1335 2041 1400 2075 che
1428 2041 1556 2075 deriva

86 2098 133 2132 (13
158 2110 287 2132 munus
315 2095 328 2109 ⁸
345 2098 440 2132 dono
460 2125 488 2140 Μ
514 2109 534 2132 o
560 2109 629 2141 pur
653 2098 701 2132 da
725 2110 854 2132 munus
883 2097 895 2110 ⁸
913 2099 1047 2133 dovere
1067 2126 1094 2141 ,,,
1121 2101 1194 2142 pub
1220 2098 1430 2141 significare
1448 2101 1554 2133 tanto

85 2156 257 2190 l'ava-ro
286 2153 300 2168 ⁴
319 2156 383 2199 qui
407 2155 511 2190 nulla
536 2156 601 2190 dat
625 2166 781 2190 munera.
797 2183 825 2198 „‚
843 2160 983 2199 quanto
1002 2157 1099 2191 colui
1117 2157 1183 2191 che
1202 2157 1236 2191 al
1256 2157 1334 2190 dire
1354 2157 1390 2190 di
1409 2156 1555 2191 Filtone

85 2225 160 2249 non
184 2214 232 2248 ha
256 2214 369 2248 mezzi
398 2211 411 2226 ⁸
429 2213 493 2257 qui
518 2225 651 2248 munus
677 2214 853 2257 fungatur
878 2226 982 2249 suom
1001 2241 1029 2256 „.
1066 2214 1229 2255 Placido,
1265 2214 1427 2249 tenendo
1457 2214 1554 2249 forse

86 2274 193 2307 conto
219 2271 257 2306 di
282 2272 406 2316 questi
430 2271 567 2306 diversi
585 2272 784 2315 significati
803 2272 868 2306 che
886 2272 935 2306 ha
952 2272 1172 2314 l'aggettivo
1190 2274 1370 2313 immunis,
1389 2271 1555 2307 scriveva

85 2329 126 2364 in
142 2341 217 2364 una
234 2329 331 2365 delle
349 2341 412 2365 sue
431 2331 565 2374 glosse,
583 2342 618 2374 p.
636 2330 724 2364 476:
754 2327 965 2364 “immoene
991 2330 1247 2374 improbum
1275 2313 1555 2374 culpanduf‘n

87 2387 146 2422 vel
170 2388 358 2423 interdum
381 2399 566 2423 munere
593 2388 847 2423 liberatum
867 2415 895 2430 „.
922 2406 965 2410 —-
992 2391 1067 2422 scin
1083 2391 1278 2423 :scis-ne.
1303 2408 1348 2413 —
1373 2390 1459 2432 quid
1475 2400 1554 2422 can-

84 2447 161 2480 tari
184 2447 291 2481 solet:
316 2446 620 2482 evidentemente
646 2446 709 2482 noi
735 2447 908 2482 abbiamo
935 2446 974 2480 in
1000 2448 1130 2489 queste
1150 2447 1277 2490 parole
1303 2446 1330 2480 il
1357 2446 1499 2481 ricordo
1518 2447 1555 2480 di

84 2515 135 2538 un
159 2506 289 2546 motto,
317 2504 383 2540 che
409 2515 473 2540 era
497 2504 730 2548 proverbiale
757 2505 796 2539 in
820 2504 949 2539 Roma.
978 2525 1019 2529 ——
1117 2503 1202 2538 351.
1228 2506 1319 2548 quod
1335 2505 1450 2547 habes,
1476 2503 1556 2539 cioe

85 2562 212 2597 bonum
239 2559 253 2575 ‘¹
270 2562 306 2597 le
330 2564 394 2598 tue
421 2563 603 2598 ricchezze
622 2591 649 2606 ,.
685 2583 728 2587 -
759 2564 851 2606 quod
880 2573 951 2597 non
983 2563 1097 2605 habes,
1131 2562 1210 2597 cioe
1240 2564 1370 2596 malum
1401 2560 1414 2575 '⁶
1432 2561 1470 2596 la
1493 2573 1557 2606 po-
