1818 2973
243 123 288 157 48
832 133 874 156 Μ.
897 131 979 157 Accx
1003 131 1137 157 ΡιΑυτι
1747 0 1818 147 Ἶ

1812 150 1818 172 1

348 213 426 261 Qui
439 209 553 265 ipsus
566 212 641 253 sibi
656 207 756 252 satis
774 213 924 262 placet,
938 222 1016 251 1166
1030 210 1182 262 probus
1202 214 1264 253 est
1285 223 1363 253 nec
1383 207 1493 264 frugi
1512 213 1669 254 bonae:
1685 242 1719 265 ,ο
1814 187 1818 196 ¹

350 288 427 336 Qui
455 284 569 339 ipsus
596 298 641 327 se
669 285 908 334 contemnit,
938 286 980 326 in
1009 289 1097 326 eost
1124 282 1282 328 indoles
1316 284 1560 329 indfistriae.

350 362 573 404 Benefacta
601 361 832 403 benefectis
860 362 953 402 aliis
982 358 1197 412 pertegitQ
1226 373 1280 403 ne
1308 361 1545 413 perpluant.

244 431 325 479 Lv.
354 422 412 478 (51)
441 449 533 478 eam
560 448 651 477 rem
679 437 798 484 haec,
828 438 961 488 pater,
990 433 1221 484 antumaui,
1251 431 1349 487 quia
1377 448 1446 478 res
1474 439 1722 488 quaedamst

1470 511 1594 563 quem
1623 514 1719 554 uolo

352 580 437 638 Ego
466 597 532 627 me
559 587 632 626 abs
660 589 702 627 te
730 585 923 627 exorere.
979 589 1055 626 PH.
1084 586 1189 634 Quid
1217 586 1256 625 id
1286 589 1379 626 est‘.e
1407 585 1510 627 dere
1538 587 1621 627 iam
1651 599 1721 628 ue-

1304 662 1414 700 niam
1444 660 1587 712 gestio.
1641 663 1722 701 325

253 740 328 778 LV.
358 721 627 777 Adulescenti
669 736 770 776 huic
811 735 966 787 genere
1005 747 1179 783 summo,
1221 730 1354 775 amico
1395 738 1520 786 atque
1556 733 1723 787 aequali

1500 823 1605 858 meo,
1660 841 1695 864 45

354 883 491 926 Minus
519 887 589 937 qui
618 890 742 927 caute
771 889 813 927 et
841 885 1020 937 cogitate
1053 884 1171 926 suzim
1210 897 1300 926 rem
1342 882 1555 934 tractauit,
1585 889 1720 938 pater,

360 958 473 1002 Bene
502 962 597 1002 uolo
626 962 685 1001 illi
717 960 858 1002 secere
886 972 978 1012 ego,
1011 962 1043 1000 si
1074 964 1119 1000 tu
1149 959 1230 1000 non
1259 961 1390 1000 neuis.
1463 963 1540 1001 PH.
1567 963 1726 1011 Nempe

1541 1033 1592 1076 de
1619 1037 1724 1076 tuo?

253 1171 321 1194 con
346 1161 467 1204 fruyis
493 1160 560 1195 che
587 1161 605 1195 e
632 1172 682 1194 un
707 1158 875 1203 genitivo
902 1159 940 1193 di
966 1170 1108 1202 prezzo;
1136 1158 1199 1193 cfr.
1226 1159 1335 1193 bonae
1357 1160 1478 1202 frugis
1504 1157 1598 1194 Gell.
1620 1158 1726 1201 6,11,

252 1219 343 1253 Mar.
369 1218 557 1254 Vittorino
586 1219 615 1260 1,
641 1219 674 1260 4,
701 1219 733 1253 S.
762 1235 805 1240 --
877 1216 972 1251 322.
998 1219 1100 1260 ipsus
1125 1229 1160 1251 se
1186 1220 1373 1252 contemnit
1404 1214 1535 1251 “tiene
1553 1227 1592 1251 se
1609 1218 1726 1251 stesso

252 1276 291 1310 in
316 1287 408 1320 poco
435 1278 546 1318 conto
562 1303 590 1318 „.
618 1293 659 1298 -—
686 1277 870 1310 industria
902 1273 916 1288 “
933 1276 1141 1319 guadagno,
1176 1274 1327 1310 attivita
1364 1274 1401 1308 di
1437 1275 1677 1318 guadagnare
1698 1301 1727 1318 „.

252 1334 372 1369 Tanto
399 1336 530 1378 questo
556 1345 662 1369 verso
689 1336 828 1377 quanto
855 1333 980 1377 quello
1019 1334 1085 1368 6116
1120 1333 1276 1376 precede
1302 1344 1377 1367 non
1401 1332 1513 1367 fanno
1540 1332 1606 1367 che
1633 1333 1728 1376 ripe·

252 1394 331 1427 tere
357 1392 544 1427 sobt'altra
568 1392 688 1427 forma
705 1392 733 1426 il
750 1391 922 1436 pensiero
943 1402 1110 1434 espresso
1128 1390 1190 1425 nel
1209 1403 1241 1425 v.
1261 1390 1340 1431 321,
1360 1401 1378 1424 e
1397 1390 1521 1434 percio
1540 1390 1567 1424 11
1585 1389 1730 1424 Ritsohl

251 1450 276 1484 li
305 1450 500 1485 considera
526 1450 707 1484 ambedue
746 1461 849 1484 come
887 1449 1119 1492 interpolati.
1147 1465 1190 1470 —
1288 1447 1383 1482 323.
1419 1450 1730 1492 perteyito..per-

251 1510 398 1552 pluant:
416 1508 593 1542 continua
618 1506 856 1551 l'immagine
883 1507 984 1541 della
1009 1518 1094 1541 casa
1133 1506 1198 1541 che
1225 1508 1244 1541 6
1270 1506 1366 1540 satta
1391 1506 1569 1550 riparare,
1594 1505 1729 1550 perche

252 1577 326 1600 non
351 1565 470 1600 faccia
495 1577 614 1609 acqua
637 1563 844 1609 (perpluat),
871 1565 933 1599 cfr.
960 1565 1069 1599 Most.
1098 1565 1165 1599 110
1190 1566 1355 1598 dominus
1376 1565 1567 1606 indiliyeus
1584 1565 1730 1597 reddere

254 1625 347 1658 alias
371 1625 503 1658 nevolt:
517 1626 610 1657 venit
626 1624 748 1664 imber,
767 1624 920 1666 perlavit
932 1624 1102 1665 parietes,
1116 1623 1320 1665 perplzcont.
1348 1641 1392 1646 —
1465 1619 1560 1655 324.
1586 1626 1730 1655 autumo

258 1679 362 1717 “non
400 1681 438 1716 id
472 1681 596 1717 solum·
627 1681 814 1725 significat
851 1682 1086 1715 aestumo
1124 1679 1189 1714 sed
1227 1681 1265 1714 et
1302 1679 1411 1714 dico
1449 1680 1488 1714 eb
1524 1678 1656 1722 opinor
1692 1679 1732 1713 et

255 1751 387 1774 censeo
406 1768 418 1782 ,‚
462 1739 554 1774 Gell.
584 1740 637 1780 15,
664 1739 696 1780 3,
723 1740 755 1773 6.
793 1738 926 1772 Plauto
965 1738 1128 1781 adopera
1152 1737 1475 1779 frequentamenta
1501 1741 1644 1770 autumo
1668 1735 1732 1770 nel

255 1809 362 1832 senso
387 1797 424 1832 di
455 1796 467 1809 ⁸
483 1797 562 1831 dire
581 1824 608 1839 „.
637 1814 679 1819 —-
778 1795 873 1830 325.
901 1807 1052 1830 exorare
1077 1796 1120 1828 ab
1145 1796 1263 1838 aliquo
1289 1794 1314 1829 s'
1327 1794 1499 1829 incontra
1532 1805 1668 1828 ancora
1692 1793 1731 1827 in

187 1883 199 1896 s
257 1856 388 1890 Bacch.
417 1857 516 1896 1170,
557 1856 669 1896 1177;
709 1855 851 1890 alm-ove
879 1854 906 1888 il
947 1854 1056 1889 verbo
1092 1865 1243 1887 exorare
1275 1852 1507 1888 e-costruito
1534 1852 1732 1887 coll'accu-

256 1914 458 1949 8611110.-
484 1916 571 1948 clare
603 1917 673 1947 iam
709 1915 844 1947 veniam
883 1914 901 1947 e
939 1913 976 1946 la
1014 1911 1156 1946 lezione
1193 1910 1253 1945 del
1291 1910 1558 1954 palimpsesto;
1595 1912 1733 1944 veniam

257 1975 345 2006 dare
376 1974 451 2006 iam
483 1974 502 2007 6
535 1972 573 2006 la
608 1972 748 2006 lezione
776 1971 836 2005 del
863 1971 1005 2005 codex
1033 1972 1182 2011 vetus,
1212 1969 1384 2003 adottata
1413 1968 1474 2002 dal
1508 1968 1661 2003 Ri‘oschl.
1689 1985 1732 1990 —-

259 2030 354 2064 326.
381 2032 461 2064 huic
492 2028 504 2042 ‘⁶
522 2030 588 2065 che
617 2029 720 2064 abita
746 2028 821 2072 qui,
847 2027 887 2062 in
913 2029 1043 2071 queste
1070 2026 1260 2061 vicinanze
1278 2039 1310 2068 „;
1338 2026 1401 2060 cfr.
1428 2026 1506 2067 212,
1525 2026 1595 2060 214
1619 2037 1638 2060 e
1665 2025 1733 2060 359

258 2090 449 2123 Lesbonico
481 2089 562 2122 huic
595 2089 820 2128 (adulescenti,
851 2087 956 2120 Truc.
989 2086 1022 2127 2,
1058 2086 1088 2127 1,
1124 2086 1167 2120 35
1202 2087 1292 2119 velut
1316 2086 1373 2118 hic
1398 2086 1550 2127 ayrescis
1575 2089 1626 2118 est
1649 2086 1734 2118 adu-

257 2149 388 2181 lescens
413 2148 474 2190 qui
497 2148 553 2180 hic
578 2147 688 2188 habet,
715 2145 817 2180 Curc.
847 2146 876 2185 1,
906 2146 935 2186 1,
962 2145 1007 2178 44
1033 2156 1153 2187 nempe
1178 2145 1259 2178 huic
1285 2144 1404 2177 lenoni
1431 2144 1491 2186 qui
1515 2143 1572 2177 hic
1588 2143 1733 2176 habitat.

257 2205 288 2238 11
314 2204 531 2239 Fleckeisen
558 2215 576 2239 e
603 2205 638 2239 10
665 2203 826 2247 Spengel
855 2200 1440 2245 6011688060,(11611οΓ6ε6111ρ10
1467 2200 1527 2234 del
1544 2199 1734 2241 Vollbehr,

259 2265 340 2297 huic
365 2263 404 2297 in
429 2264 521 2297 hinc.
550 2280 592 2284 —
691 2260 786 2294 327.
813 2262 1241 2304 coyitate=prudenter;
1276 2259 1339 2294 cfr.
1370 2258 1447 2292 Mil.
1475 2258 1543 2292 944
1567 2259 1737 2292 meditari

260 2324 415 2364 cogitate.
442 2338 486 2343 —
560 2319 654 2354 328.
683 2321 738 2353 illi
763 2319 916 2363 ripiglia
942 2318 969 2352 11
995 2319 1165 2353 6011661130
1192 2328 1356 2361 espresso
1384 2315 1735 2359 precedentemente

261 2390 329 2414 con
354 2381 590 2420 adulescenti,
616 2378 679 2413 cfr.
706 2378 802 2412 Men.
829 2378 861 2418 4,
889 2377 920 2417 3,
945 2377 967 2410 4
988 2377 1127 2419 pallam
1152 2377 1264 2416 illam,
1291 2386 1395 2418 quam
1414 2375 1477 2407 tibi
1494 2375 1627 2408 dudum
1644 2374 1735 2415 dedi,

260 2438 355 2471 Mihi
379 2449 453 2471 eam
480 2438 596 2478 redde,
624 2436 731 2470 Most.
760 2436 790 2476 1,
818 2435 849 2475 3,
877 2435 920 2469 93
947 2435 1076 2468 mulier
1099 2445 1188 2477 quae
1211 2445 1246 2467 se
1271 2434 1419 2475 spernit,
1445 2432 1584 2475 speculo
1603 2433 1634 2465 ei
1652 2441 1737 2466 usus

261 2500 321 2529 est.
340 2514 384 2518 —
403 2496 435 2528 si
460 2500 496 2528 tu
522 2506 591 2528 non
618 2495 713 2528 nevis
735 2507 779 2520 =
800 2495 874 2526 nisi
900 2493 996 2526 nevis
1020 2492 1128 2526 Most.
1155 2491 1187 2532 3,
1213 2491 1245 2533 2,
1272 2491 1315 2524 75
1343 2501 1362 2524 o
1388 2500 1480 2533 pure
1505 2491 1580 2523 nisi
1595 2500 1666 2523 non
1683 2490 1737 2523 vis

199 2578 202 2582 -
263 2552 366 2587 Cure.
394 2553 424 2593 1,
453 2553 482 2593 1,
509 2552 575 2594 82,-
603 2552 665 2586 cfr.
684 2563 718 2585 n.
740 2551 840 2585 1156.
860 2550 928 2584 Nel
946 2549 1189 2594 palimpsesto
1208 2548 1239 2582 si
1256 2547 1365 2591 legge
1383 2549 1456 2581 nisi
1472 2552 1510 2580 tu
1527 2558 1598 2581 non
1614 2548 1677 2581 υἷε.
1692 2565 1737 2571 -

264 2613 393 2655 nempe,
421 2610 483 2644 cfr.
510 2610 647 2644 Introd.
675 2609 778 2653 Capt.
805 2608 1003 2643 XXXVHI.
1032 2625 1070 2630 -
1101 2609 1141 2641 de
1166 2612 1223 2641 tuo
1248 2607 1297 2641 ha
1322 2617 1429 2640 senso
1454 2604 1620 2640 ironico:
1649 2601 1662 2617 '¹
1681 2603 1738 2640 coi
