1818 2973
171 76 216 110 88
761 87 800 111 Μ.
825 86 906 112 ,ωσι
929 85 1063 112 Ριωτι

277 150 380 238 Ιῖῐεεῐ
408 177 538 214 amor,
559 161 724 206 ballista
744 169 791 206 ut
810 167 980 206 iacitur:
1003 162 1060 207 nil
1080 167 1141 208 sic
1158 168 1338 209 celerest
1356 166 1493 220 noque
1511 171 1646 210 uolat:

276 245 414 292 Atque
442 243 476 280 is
507 254 643 282 mores
673 241 888 281 hominum
918 253 1055 281 moros
1083 239 1126 282 ct
1155 255 1336 283 morosos
1365 241 1504 284 officit.

278 314 416 357 Minus
450 318 599 367 placet,
641 317 773 367 magis
814 314 921 366 quod
965 317 1189 357 suadetur:
1231 317 1338 369 quod
1381 316 1646 360 dissuadetl’ir

1392 395 1513 434 lacet.
1567 396 1646 434 670

279 470 410 516 Quom
446 462 636 517 inopiast,
680 465 843 517 cupizls:
886 468 1052 517 quando
1093 468 1183 508 eius
1225 405 1395 519 copiaslt),
1437 471 1526 508 tum
1563 468 1645 509 non

1413 544 1530 584 uelis.
1585 573 1620 596 ⁴⁵
1678 535 1682 538 ’

278 605 352 660 Ι11θ
381 620 451 670 qui
479 620 654 670 aspellit,
683 615 718 659 is
746 621 976 670 compellit:
1006 615 1077 660 ille
1105 621 1175 671 qui
1204 619 1442 668 consuendo&
1473 624 1601 662 uotat.

278 679 516 734 I'nsanumst
546 696 701 734 malum
733 693 772 735 tc
799 695 841 734 in
871 695 1094 746 hospitium
1117 693 1278 736 dcuorti
1309 697 1360 736 ad
1389 691 1646 747 Cupidinem.

280 768 359 810 scd
390 773 432 810 to
460 781 608 810 moneo
637 769 716 810 hoc
745 767 872 810 otiam
901 773 1027 820 atque
1055 771 1182 810 etiam
1211 773 1257 810 ut
1285 769 1455 821 rcputes
1474 771 1571 821 quid
1593 771 1648 810 fa·

1333 857 1432 885 cere
1459 845 1646 896 expetas.

279 920 322 960 Si
350 915 470 966 istuc,
501 922 548 959 ut
577 919 743 967 contire,
773 920 887 967 sacis,
918 917 1109 960 inccndio
1137 922 1251 960 tuom
1271 916 1469 960 incendcs
1497 930 1647 970 genus:

1568 996 1648 1034 675

279 1073 386 1110 Tum
414 1066 545 1122 igitur
573 1070 644 1110 tibi
673 1081 782 1121 aqua
811 1066 892 1111 erit
920 1070 1089 1121 Cupido,
1127 1067 1260 1121 geinus
1298 1070 1368 1121 qui
1410 1068 1649 1122 restingussis

1402 1148 1529 1191 tuom,
1587 1174 1620 1197 50

278 1205 416 1272 Atque
444 1222 477 1261 si
506 1221 590 1261 eris
610 1220 798 1268 nanctus,
822 1223 995 1272 proinde
1017 1223 1061 1261 ut
1081 1220 1206 1261 corde
1225 1223 1417 1261 amantes
1435 1217 1532 1260 stint
1551 1220 1646 1268 cati,

172 1341 290 1385 trighi
307 1341 469 1376 d'amore
492 1368 520 1383 ,μ
538 1361 573 1365 -
605 1340 699 1374 668.
719 1342 862 1375 ballista
891 1339 903 1353 “
922 1342 959 1375 la
976 1341 1122 1382 freccia,
1142 1340 1180 1375 la
1205 1342 1327 1375 saetta
1349 1366 1376 1382 „‚
1403 1340 1466 1375 cfr.
1492 1339 1597 1384 capt.
1614 1339 1649 1382 4,

174 1400 206 1440 2,
236 1401 288 1434 16.
314 1417 360 1422 -
411 1398 506 1432 669.
534 1410 654 1432 morus
671 1412 715 1426 =
741 1400 861 1440 μωρὸς
883 1396 896 1411 ⁴¹
915 1399 1039 1440 stolto,
1058 1399 1199 1434 sciocco
1221 1425 1249 1441 „,
1268 1400 1289 1433 ὲ
1307 1410 1356 1432 un
1375 1408 1460 1442 agg.
1477 1397 1515 1432 di
1528 1398 1649 1433 forma.

173 1458 346 1502 plautina
354 1468 363 1499 ;
390 1457 454 1491 cfr.
480 1457 577 1491 Men.
604 1458 637 1498 4,
663 1457 694 1497 2,
724 1457 740 1489 1
770 1459 905 1490 utimur
932 1468 1095 1490 maxume
1119 1467 1216 1490 more
1234 1467 1342 1491 moro.
1373 1475 1409 1480 —
1463 1454 1559 1490 670.
1585 1457 1648 1489 mi-

174 1527 242 1549 nus
245 1541 302 1549 .....
337 1516 510 1549 suadetur
538 1527 583 1540 =
617 1525 683 1557 quo
717 1516 802 1557 quid
841 1516 954 1558 magis
993 1516 1166 1548 suadetur
1206 1526 1242 1549 eo
1280 1516 1398 1548 minus
1432 1514 1561 1557 placet.
1603 1530 1648 1536 —

175 1573 261 1608 671.
287 1575 421 1616 inopia,
449 1574 533 1606 sott.
561 1574 715 1606 alicuius
741 1573 805 1605 rei.
838 1589 873 1594 —
905 1574 989 1606 velis
1015 1574 1034 1607 c
1060 1571 1280 1615 potenziale.
1299 1589 1342 1594 —
1393 1570 1489 1605 672.
1507 1572 1649 1615 aspellit

173 1645 219 1660 =
235 1633 296 1666 abs
309 1633 412 1675 pellit
439 1628 453 1643 ⁴⁴
476 1631 667 1665 allontana
689 1657 716 1673 „.
748 1648 783 1652 —
814 1622 1002 1665 consuadet
1028 1631 1084 1666 col
1110 1630 1334 1671 camerario,
1352 1641 1418 1673 per
1441 1642 1512 1664 non
1525 1631 1649 1663 suadet

173 1690 234 1724 dei
259 1689 388 1724 codici.
415 1709 460 1714 —
487 1688 546 1723 Gli
573 1688 707 1723 editori
733 1689 929 1732 ritengono
956 1690 1238 1723 comunemenbe
1264 1690 1395 1732 quesbo
1421 1698 1526 1722 verso
1545 1698 1648 1722 come

175 1760 250 1783 una
274 1747 490 1791 dittografia
516 1747 577 1781 del
604 1747 681 1781 670.
710 1766 755 1770 —
805 1745 900 1780 673.
929 1749 1095 1780 insanum
1121 1746 1170 1780 ha
1194 1746 1233 1780 in
1258 1746 1390 1781 Plauto
1409 1745 1535 1780 valore
1553 1743 1650 1779 d'av-

176 1806 324 1847 verbim
351 1805 472 1840 sicchc
498 1804 755 1849 l'espressione
781 1806 950 1840 insanum
968 1806 1099 1838 malum
1117 1804 1353 1848 corrisponde
1370 1802 1650 1848 propriamente

176 1876 198 1899 a
219 1866 434 1908 pessimum:
474 1863 538 1897 cfr.
577 1863 709 1897 Bacch.
735 1864 768 1904 4,
795 1863 827 1903 5,
855 1864 871 1896 1
900 1864 1069 1896 insanum
1104 1874 1269 1905 maynum
1302 1862 1430 1896 molior
1453 1862 1649 1904 negotium:

175 1921 407 1961 Nervularia,
433 1921 563 1964 fragm.
592 1922 610 1954 7
636 1923 805 1954 insanum
831 1921 930 1955 valde
955 1926 1099 1964 uterque
1124 1922 1274 1960 deamat,
1300 1919 1408 1954 Most.
1434 1919 1466 1959 3,
1492 1919 1526 1961 3,
1551 1918 1572 1952 5
1597 1920 1650 1952 in-

175 1991 304 2014 sanum
328 1980 429 2013 bona.
455 1999 499 2003 —
526 1981 657 2012 malum
684 1984 726 2020 te,
739 1989 806 2022 per
831 1984 861 2012 et
885 1980 1018 2012 malum
1036 1977 1096 2012 dei
1114 1977 1242 2013 codici.
1262 1998 1304 2001 —
1323 1978 1458 2011 devorti
1478 1973 1492 1988 '⁸
1514 1978 1653 2011 metter

176 2037 237 2082 pic
259 2064 273 2080 ,‚
301 2037 363 2071 nei
388 2036 539 2081 piaceri.
565 2054 611 2058 —
641 2038 848 2079 Cupidinem
879 2034 891 2048 '⁴
922 2038 1066 2070 veteres
1092 2035 1378 2070 immoderatum
1405 2045 1570 2069 amorem
1598 2033 1650 2068 di-

177 2096 312 2130 cebant
334 2122 346 2137 „
369 2094 496 2129 Servio
523 2093 728 2128 all'Eneide
756 2095 788 2134 6,
819 2094 894 2128 194.
925 2091 938 2105 ⁴
958 2093 1099 2138 Cupido
1126 2099 1182 2128 est
1207 2092 1504 2128 inconsideratae
1529 2103 1652 2127 neces-

178 2153 312 2193 sitatis,
338 2163 442 2187 amor
466 2152 594 2186 iudicii
616 2180 629 2194 ‚
659 2151 789 2192 Nonio,
816 2163 851 2195 p.
870 2152 949 2186 421.
970 2168 1012 2173 —
1063 2150 1159 2185 675.
1173 2153 1274 2191 istuc,
1291 2151 1380 2185 darc
1399 2150 1477 2185 cioc
1495 2150 1523 2184 il
1541 2149 1651 2185 fondo

177 2211 218 2245 in
243 2211 328 2246 dote
356 2222 377 2245 a
401 2212 467 2244 tua.
491 2210 638 2245 sorella.
665 2229 708 2234 —
734 2211 896 2244 incendio
923 2209 977 2244 col
1004 2209 1165 2249 Nitzsch,
1179 2220 1245 2253 per
1269 2210 1440 2243 indicium
1458 2208 1519 2243 dei
1537 2207 1655 2248 codd„

179 2271 198 2304 c
225 2269 288 2313 qui
314 2280 432 2304 messo
459 2280 525 2313 per
550 2269 767 2312 raffigurare
794 2268 830 2302 la
856 2267 1007 2302 miseria
1033 2268 1100 2302 che
1125 2267 1434 2311 distruggcrebbe
1464 2267 1501 2301 la
1518 2277 1585 2301 sua
1602 2266 1653 2301 fa-

179 2327 321 2370 miglia.
348 2347 391 2351 —
442 2325 537 2360 676.
564 2332 638 2360 tum
662 2328 776 2369 igitur
792 2339 838 2352 ===
855 2325 944 2358 τότε
969 2325 1023 2368 δή,
1048 2327 1161 2369 iyitur
1178 2328 1326 2366 demum,
1344 2330 1417 2359 tum
1434 2327 1590 2368 denique.
1610 2341 1652 2347 --

180 2397 295 2429 aqua:
322 2396 387 2428 per
412 2385 610 2419 rimedjare
637 2396 659 2418 a
685 2386 818 2427 questa
844 2383 1006 2425 miseria,
1033 2383 1110 2418 alla
1135 2382 1388 2427 disperazione
1426 2382 1505 2417 cioc
1532 2382 1599 2417 che
1623 2381 1655 2417 ti

181 2443 279 2478 sarai
305 2454 425 2477 messa
450 2443 488 2476 in
516 2453 611 2485 casa,
636 2453 709 2477 non
735 2441 898 2477 troverai
923 2441 1019 2476 altro
1047 2452 1195 2485 scampo
1233 2441 1300 2475 che
1337 2441 1512 2480 l'amore;
1551 2451 1654 2475 come

182 2512 220 2536 se
247 2512 326 2535 esso
352 2503 498 2545 potesse
524 2511 706 2535 smorzare
732 2499 944 2540 l'incendio,
970 2499 1037 2534 che
1070 2499 1247 2543 divampa
1272 2498 1307 2533 al
1335 2498 1373 2532 di
1398 2498 1530 2533 dentre
1556 2497 1657 2532 della

181 2560 247 2604 ssua
273 2559 453 2602 famiglia,
480 2575 525 2580 —
575 2557 669 2592 677.
696 2560 728 2592 si
753 2560 836 2600 eris,
863 2557 957 2599 collo
984 2557 1172 2606 Scaligcro
1199 2568 1218 2592 e
1245 2556 1301 2592 col
1328 2556 1425 2598 Reiz,
1452 2567 1518 2600 per
1542 2556 1658 2591 eries-i
