1872 2968
316 75 359 110 16
900 89 939 114 u.
965 90 1047 115 Acct
1069 90 1203 116 PLAUT!

315 169 388 207 CA.
416 168 479 208 Ne
505 169 552 207 tu
579 167 725 209 hercle
754 168 850 208 faxo
879 169 992 208 haud
1023 166 1184 209 nescias
1215 181 1341 220 quam
1368 182 1461 212 rem
1487 170 1638 224 egeris.

317 244 400 282 ΜΕ.
430 241 594 283 Habeas
625 246 672 282 ut
699 243 912 283 nanctu's:
942 241 1038 283 nota
1067 245 1178 284 mala
1205 256 1274 285 res
1301 244 1521 296 optumast.
1727 278 1762 303 2⁵

426 320 532 358 Nam
562 330 638 369 ego
667 315 779 356 minc
808 318 841 357 si
870 317 1053 368 ignotam
1083 318 1260 369 capiam,
1289 321 1388 370 quid
1415 333 1536 373 agam
1564 320 1760 365 nesciam.

317 394 390 433 CA.
423 392 575 443 Edepol
604 393 777 443 proinde
806 395 852 432 ut
880 393 950 432 diu
980 389 1152 442 uiuitur,
1182 395 1287 435 bene
1314 391 1487 436 uiuitur.
1735 401 1787 440 65

320 471 402 508 ΜΕ.
431 469 508 508 Sed
538 468 619 507 hoc
646 466 832 507 animum
860 469 1035 509 aduorte
1062 472 1189 519 atque
1217 466 1336 511 alifer
1364 471 1626 513 ridicularia:

317 590 380 625 cfr.
405 590 540 624 Introd.
567 589 670 633 Capt.
696 589 895 624 XXXVIII.
922 608 967 613 --
991 603 1140 635 namque
1164 595 1278 627 enim:
1306 595 1438 637 questa
1464 595 1695 638 espressione
1711 607 1786 631 non

317 648 516 683 s'incontra
532 647 687 689 altrove,
705 659 766 682 ma
783 659 858 683 non
877 650 896 683 e
915 660 1023 684 senza
1040 651 1225 694 analogia,
1245 651 1308 685 cfr.
1327 664 1475 695 namque
1488 654 1606 696 edepol
1631 653 1735 698 Capt.
1752 654 1786 697 3,

315 708 349 747 4,
376 706 429 747 7⁶2,
455 717 606 749 namque
631 712 768 740 ecastor
794 706 883 741 cist.
912 708 943 750 1,
971 708 1000 749 1,
1029 709 1083 749 71,
1108 720 1257 752 namque
1282 711 1396 744 hercle
1413 710 1512 745 Trin.
1540 711 1628 746 731:
1655 711 1785 755 l'em’m,

316 763 352 798 al
376 763 459 807 pari
484 763 550 797 che
576 763 615 797 in
641 769 678 798 at
703 766 795 798 enim
821 775 839 799 e
866 766 951 808 quia
976 767 1078 802 enim,
1096 766 1145 800 ha
1174 766 1238 810 qui
1271 769 1490 811 puramente
1517 769 1644 804 valore
1681 769 1787 804 affer-

316 821 478 862 mativ03
499 821 561 855 cfr.
578 834 612 856 n.
632 821 710 856 705.
732 840 767 844 -
791 824 954 866 obrepere
976 822 989 835 “
1011 823 1214 858 insinuarsi
1231 825 1515 868 occultamente,
1534 827 1736 862 sostituirsi
1757 855 1786 871 „‚

315 879 346 914 si
371 882 477 917 trova
503 880 682 915 eostruito
708 883 994 915 comunemente
1019 882 1066 915 da
1092 882 1268 917 Cicerone
1294 883 1351 917 col
1376 884 1552 928 semplice
1578 885 1726 927 dativo;
1746 886 1786 921 111

316 938 448 972 Plauto
474 938 591 973 anche
618 938 928 979 coll'aocusativo,
955 938 1019 973 cfr.
1046 951 1079 973 V.
1107 940 1175 973 974
1200 951 1218 973 e
1247 940 1358 974 Poen.
1383 941 1476 984 prol.
1504 943 1557 976 14.
1588 959 1625 965 —
1654 948 1719 978 te...
1736 946 1787 978 mi

315 998 583 1040 imprudentem,
618 997 676 1031 col
713 995 929 1040 palimps.
967 997 1275 1040 ambrosiano,
1301 998 1341 1032 111
1372 998 1484 1042 luogo
1516 999 1576 1033 del
1601 1005 1674 1034 tu...
1700 1002 1788 1035 mihi

315 1056 535 1098 imprudenti
559 1053 659 1098 degli
685 1054 773 1088 altri
799 1055 902 1088 codd.
922 1055 1162 1098 Megaronide
1190 1056 1272 1090 dice
1299 1067 1320 1090 a
1346 1056 1509 1099 Callicle,
1537 1057 1603 1092 che
1623 1047 1697 1102 egli
1712 1070 1787 1094 non
1818 1082 1821 1083 ν
1869 1082 1872 1086 -

315 1112 469 1147 sarebbe
494 1112 567 1147 ben
592 1112 814 1156 consigliato
842 1124 863 1147 a
890 1113 991 1147 voler
1017 1114 1197 1157 prendere
1225 1113 1252 1148 il
1278 1126 1342 1149 suo
1368 1118 1487 1159 posto.
1523 1133 1567 1138 —
1663 1115 1730 1151 62.
1755 1117 1787 1152 Il

315 1182 425 1205 nome
449 1170 487 1205 dj
513 1170 666 1205 Callicle
692 1170 731 1204 fu
755 1170 934 1214 aggiunto
952 1171 1103 1205 innanzi
1129 1183 1150 1206 a
1175 1174 1308 1215 questo
1326 1184 1431 1207 verso
1451 1173 1723 1210 dall‘Acidalio.
1742 1193 1787 1198 —

314 1236 359 1263 ne
382 1234 418 1263 tu
444 1230 557 1263 hercle
586 1229 617 1262 si
642 1231 750 1263 trova
775 1229 1099 1272 frequentemente
1126 1230 1328 1273 adoperato
1347 1242 1369 1265 a
1385 1231 1571 1275 principio
1591 1232 1651 1267 del
1669 1244 1785 1276 verso,

315 1299 334 1322 e
361 1287 518 1331 qualche
543 1287 646 1322 volta
671 1287 788 1321 anche
814 1287 1070 1330 leggermente
1096 1288 1240 1323 variabo
1266 1287 1306 1322 in
1331 1296 1374 1323 ne
1390 1294 1428 1322 tu
1446 1291 1574 1333 edepol,
1591 1296 1689 1325 netu
1709 1303 1785 1325 eea-

314 1351 414 1380 stor:
440 1345 469 1379 il
493 1353 537 1379 ne
560 1345 596 1378 vi
623 1345 862 1388 eorrisponde
884 1345 960 1379 alla
985 1346 1184 1389 particella
1211 1346 1445 1381 affermativa
1470 1348 1530 1382 del
1554 1359 1665 1391 greco
1690 1349 1747 1390 νή,
1765 1360 1785 1385 e

315 1403 485 1447 significa
513 1401 525 1415 “
548 1414 614 1447 per
633 1403 764 1444 verita,
792 1403 837 1437 sii
863 1403 983 1438 sicul-o
1007 1430 1033 1446 „.
1061 1423 1106 1427 —
1131 1405 1218 1446 faxo
1245 1406 1390 1444 nescias,
1418 1405 1496 1439 soil.
1535 1407 1568 1439 si
1602 1412 1787 1441 commuta·

315 1463 478 1503 verimus,
505 1462 568 1496 cfr.
596 1474 627 1495 v,
655 1462 709 1495 59.
737 1461 787 1495 La
813 1461 909 1495 frase
936 1463 1032 1495 haud
1051 1464 1189 1495 nescias
1214 1474 1316 1505 qnam
1340 1474 1415 1496 rem
1432 1465 1544 1506 eyeris
1561 1474 1666 1498 serve
1683 1464 1723 1498 (1.1
1739 1465 1787 1499 ri-

316 1522 443 1563 sposta
467 1520 790 1563 all'imprudentem
816 1519 876 1553 del
895 1531 926 1553 V.
943 1520 1003 1559 61;
1031 1520 1110 1554 cioe
1136 1516 1186 1553 ‘ti
1209 1524 1469 1563 yarantiseo
1495 1523 1565 1555 che
1590 1525 1624 1555 ti
1648 1533 1787 1556 accor-

315 1579 443 1621 yerai
466 1579 608 1612 subito
635 1577 745 1617 (haud
771 1575 921 1619 nescias)
936 1579 980 1611 di
1005 1590 1105 1611 aver
1129 1580 1244 1620 fatto
1271 1591 1323 1611 un
1349 1581 1509 1612 cattivo
1534 1580 1693 1614 cambio
1708 1579 1787 1613 ⁹.—

318 1636 384 1670 63.
412 1642 562 1670 nanctus
586 1637 606 1670 e
632 1636 669 1669 13
695 1636 815 1670 forma
844 1635 990 1670 aroaiea
1015 1636 1074 1670 del
1102 1636 1311 1680 participio,
1338 1636 1375 1670 13
1393 1636 1503 1679 quale
1529 1647 1708 1671 conserva
1724 1647 1789 1670 an-

320 1706 405 1730 cora
429 1694 664 1729 I'inserzione
690 1694 818 1728 nasale
846 1693 906 1727 del
931 1697 1033 1728 tema
1059 1694 1119 1727 del
1145 1696 1343 1737 presente:
1372 1705 1453 1728 essa
1477 1695 1496 1728 e
1522 1694 1587 1737 qui
1613 1694 1702 1728 data
1727 1693 1788 1728 dal

319 1753 560 1796 palimpsesto
589 1752 825 1786 ambrosiano
854 1779 860 1792 ,
889 1763 907 1786 e
934 1751 970 1785 fa
995 1751 1176 1785 riscontro
1204 1751 1239 1784 al
1255 1754 1381 1793 finctus
1407 1751 1467 1785 del
1493 1751 1631 1786 codex
1663 1751 1790 1786 Bem-

320 1811 452 1846 binus
479 1822 546 1854 per
571 1811 652 1844 Ter.
680 1809 772 1844 Eun.
802 1811 832 1850 1,
859 1810 890 1850 2,
918 1809 974 1852 24,
1001 1809 1234 1843 all'obtunsus
1259 1809 1297 1842 di
1323 1809 1426 1844 Livio
1453 1810 1485 1851 5,
1506 1809 1559 1850 18,
1578 1810 1600 1843 4
1618 1820 1637 1844 e
1655 1809 1694 1843 di
1711 1809 1790 1844 Vir·

319 1869 411 1913 gilio
438 1868 570 1912 Georg.
599 1869 630 1909 1,
655 1868 735 1908 262,
763 1869 852 1902 Aen.
881 1868 911 1908 1,
938 1868 1016 1908 567,
1044 1878 1062 1901 e
1090 1867 1126 1901 al
1151 1873 1377 1910 eorrumptus
1403 1867 1463 1901 del
1489 1879 1521 1900 v.
1541 1868 1608 1902 114
1625 1867 1725 1901 Trin.
1745 1885 1787 1889 —

321 1929 416 1961 mala
440 1938 557 1961 res=
583 1928 724 1960 malum.
752 1926 822 1960 Cfr.
849 1926 925 1959 Liv.
953 1925 1009 1967 23,
1037 1925 1056 1959 3
1076 1928 1297 1959 notissinmm
1316 1927 1470 1968 quodque
1488 1926 1619 1958 malum
1637 1937 1790 1958 maxtme

321 1986 503 2020 tolerabile
527 1986 679 2018 dicentes
707 1996 789 2018 esse.
816 2003 861 2008 —
957 1982 1023 2016 64.
1049 1995 1132 2016 nam
1158 1994 1216 2025 eqo
1247 1981 1260 1994 ¹⁶
1277 1994 1344 2025 per
1369 1984 1485 2017 fermo
1512 1982 1617 2017 anoh'
1632 1982 1668 2017 io
1690 2009 1719 2025 ,,.
1745 2001 1790 2006 —-

322 2043 388 2077 65.
413 2045 564 2087 proinde
591 2048 650 2076 ut:
679 2043 718 2076 in
745 2042 879 2076 Plauto
906 2052 980 2075 non
1006 2041 1036 2074 si
1062 2043 1167 2076 trova
1195 2041 1270 2074 mai
1290 2043 1446 2084 proinde
1471 2052 1532 2081 ac;
1561 2041 1623 2075 cfr.
1650 2053 1684 2074 v,
1710 2040 1789 2075 659.

322 2119 365 2125 —
392 2100 545 2136 Callicle
583 2100 772 2134 conferma
811 2100 845 2133 le
884 2099 1011 2143 parole
1049 2098 1269 2139 dell‘an1ico‚
1311 2099 1375 2132 che
1402 2099 1430 2132 il
1456 2098 1553 2132 male
1590 2098 1732 2132 minore
1770 2099 1790 2133 e

323 2170 467 2203 sempre
494 2159 620 2202 quello
647 2159 712 2193 che
732 2158 762 2192 si
790 2168 954 2198 00110500,
983 2157 1038 2191 col
1066 2157 1144 2191 dire
1172 2157 1249 2197 che,
1276 2157 1422 2200 quando
1450 2168 1518 2191 con
1543 2168 1618 2191 una.
1633 2167 1792 2200 persona

323 2218 353 2252 si
379 2219 398 2252 e
425 2217 564 2251 vissuto
592 2227 613 2250 a
640 2217 764 2258 lungo,
792 2215 822 2249 si
850 2215 975 2249 finisce
1002 2214 1064 2258 poi
1091 2215 1147 2249 col
1172 2214 1369 2249 trovarcisi
1387 2214 1493 2249 bene.
1510 2214 1736 2249 Vel-amente
1753 2213 1791 2249 la

324 2275 588 2317 sentenza,ehe
615 2275 736 2309 danno
763 2274 775 2308 i
801 2274 929 2315 codici,
959 2279 994 2307 ut
1019 2275 1247 2307 benev-icitur
1272 2274 1334 2306 diu
1360 2275 1492 2306 ricttur
1505 2272 1734 2307 suonerebbe
1751 2271 1792 2306 111

323 2334 432 2368 1110ᾶο
459 2334 588 2368 afi'atto
614 2333 760 2367 diverso
787 2344 805 2367 e
832 2334 946 2376 punto
974 2333 1104 2366 adatto
1131 2331 1207 2365 alla
1225 2331 1474 2370 circostanza;
1494 2341 1556 2364 ma
1572 2330 1610 2364 fu
1629 2330 1658 2364 11
1670 2329 1791 2374 primo

324 2391 519 2426 I'Aoidalio
541 2403 562 2425 a
581 2391 846 2434 comprendere
870 2390 907 2424 la
925 2390 1110 2424 necessita
1133 2389 1349 2422 d'invert1re
1367 2389 1448 2422 bene
1468 2399 1537 2422 con
1563 2390 1637 2430 diu,
1654 2387 1791 2431 perche

323 2450 362 2484 la
387 2451 561 2483 sentenza
590 2442 620 2483 ‘si
645 2452 811 2484 trovasse
838 2449 931 2483 bene
959 2460 979 2482 a
1005 2449 1112 2492 posto
1139 2458 1215 2481 suo.
1242 2466 1287 2470 —
1337 2446 1402 2480 66.
1429 2448 1498 2487 sed,
1527 2446 1590 2481 cfr.
1615 2458 1651 2480 n.
1679 2445 1734 2479 16.
1759 2444 1790 2479 Il

323 2518 433 2542 nome
460 2507 497 2541 di
524 2507 763 2550 Megaronide
783 2509 801 2541 e
828 2518 970 2541 omesso
997 2517 1019 2540 a
1044 2507 1176 2549 questo
1202 2506 1318 2548 punto
1338 2504 1399 2538 dai
1417 2504 1546 2545 codici,
1563 2515 1583 2539 e
1603 2502 1792 2538 sostituito

324 2567 663 2609 opportunamente
689 2565 981 2600 dall’Hermann.
1010 2582 1052 2586 —
1079 2564 1141 2598 hoe
1166 2573 1231 2606 per
1256 2564 1322 2597 huc
1348 2563 1374 2597 ε’
1386 2563 1558 2597 incontra
1582 2561 1794 2605 frequente-
