1818 2973
1123 24 1155 48 ¹...

799 105 913 132 mmm
1529 97 1591 134 151

123 192 215 223 reete
238 186 295 231 50,
321 187 423 224 1178.

122 237 179 269 rei
203 235 366 278 spondeo
392 235 474 270 230.

123 292 229 315 ruere
251 281 398 316 transit.
423 282 504 316 837.

123 339 272 362 rursum
295 340 421 363 rusum
436 329 492 371 37,
520 328 621 364 1130.

120 431 155 455 -s
180 420 377 456 desinenza
401 421 463 457 del
486 419 719 456 nominativo
744 419 822 465 plu·

169 467 262 509 rale,
288 468 368 502 539.

121 515 300 548 saeculum
324 513 404 548 283.

121 561 332 603 salsipotens
356 559 435 595 820.

120 607 214 640 salve
240 606 340 640 1177.

120 664 231 687 sanus
256 653 313 688 col
337 664 421 697 gen.
446 652 528 688 454.

119 704 222 733 sarta
247 704 335 734 tecta
359 698 437 735 317.

119 749 217 780 satin
241 746 320 780 925.

119 794 212 827 scire
237 791 388 827 coll'inf.
414 791 495 827 830.

119 849 269 873 scurrae
293 838 374 873 202.

119 887 180 919 sed
206 885 261 928 16,
286 886 367 920 547.

120 931 298 967 Sentenze
324 932 379 974 64,
402 931 458 975 65,
476 931 531 975 82,
550 931 630 975 345,
648 932 728 977 363,
741 932 821 975 367,

118 1036 220 1059 serva
245 1024 324 1059 799.

117 1073 313 1106 servassint
336 1070 417 1106 384.

117 1121 264 1152 sescenti
289 1119 367 1153 791.

117 1176 180 1199 sex
203 1176 337 1199 menses
365 1164 445 1200 543.

117 1214 151 1246 si
174 1213 214 1246 ob
239 1211 319 1254 532,
347 1211 423 1246 763.

116 1259 151 1292 si
224 1260 296 1292 sive
321 1257 398 1292 183.

116 1306 150 1338 si
170 1316 317 1349 possum
342 1305 422 1340 921.

116 1352 184 1385 sibi
197 1364 242 1377 =
255 1353 287 1386 ei
311 1351 390 1386 395.

115 1399 184 1432 sibi
211 1398 289 1432 761.

115 1445 240 1479 simitu
257 1443 342 1486 223.

115 1490 296 1535 Sincope:
322 1492 469 1534 despexe
493 1490 573 1526 743.

115 1537 238 1573 Sinesi
263 1537 318 1571 35.

114 1585 201 1627 sine,
226 1586 284 1618 sin
309 1584 389 1618 360.

113 1632 190 1665 sine
214 1631 310 1666 omni
334 1631 474 1664 malitia
499 1630 580 1667 338.

114 1678 266 1711 sis=si
289 1678 343 1711 vis
365 1678 446 1712 244.

113 1724 214 1758 sodes
238 1723 319 1758 244.

111 1771 209 1805 solus
233 1772 346 1805 solum
373 1770 449 1805 153.

112 1818 264 1860 spondeo
290 1816 370 1852 503.

110 1864 296 1906 stipulatio
320 1863 399 1899 500.

112 1915 319 1945 strenuosus
345 1910 448 1946 1036.

111 1957 248 1990 subitus
275 1957 377 1992 1175.

111 2004 283 2047 subrupio
308 2002 364 2038 83.

110 2061 190 2084 sum
214 2061 272 2093 eqo
299 2050 378 2084 166.

110 2107 249 2130 sumere
272 2096 354 2130 411.

109 2144 243 2186 sumpti
267 2142 347 2178 250.

109 2200 209 2223 suom
225 2191 294 2223 sibi
320 2189 397 2224 156.

109 2237 340 2280 suppeditare
366 2235 470 2272 1119.

108 2287 294 2328 suppetere
318 2282 375 2319 57.

889 189 1102 232 suspendere
1125 200 1162 224 se
1186 188 1266 224 536.

888 297 961 328 tam
985 295 1086 329 modo
1110 293 1189 329 609.

888 342 1080 384 tarpessita
1103 341 1184 375 425.

888 390 1003 420 terra:
1028 388 1068 420 in
1093 391 1193 422 terra
1220 387 1323 424 1125.

886 433 1101 467 thensaurus
1127 434 1180 467 18.

886 479 1150 522 thermipolium
1177 479 1278 515 1013.

888 525 1147 568 thermopotare
1173 526 1275 563 1014.

886 572 950 605 tibi
975 572 1054 605 761.

885 619 985 652 tis=
1002 619 1055 652 tui
1080 617 1161 654 343.

886 663 1010 699 'Pmesi
1035 664 1114 700 833.

887 712 1044 745 tolerare
1069 716 1252 755 eyestatem
1278 714 1389 747 alicui
1417 714 1497 750 338.

886 759 1031 792 trahere
1056 770 1091 792 se
1117 771 1194 793 cum
1213 761 1331 804 aliquo
1356 761 1435 796 203.

886 806 1032 838 trecenti
1057 805 1136 839 791.

886 852 1001 885 tribus
1025 853 1140 886 verbis
1166 852 1244 888 791.

885 900 997 932 tudris
1022 899 1101 934 708.

885 949 958 978 tum
984 950 1021 978 tu
1044 945 1122 981 606.

886 996 981 1025 tuom
1005 997 1056 1026 est
1079 992 1161 1027 445.

885 1039 1044 1073 turbines
1069 1041 1161 1074 venti
1185 1038 1266 1075 835.

884 1148 977 1182 ubi...
1002 1149 1053 1182 ibi
1075 1148 1156 1183 417.

883 1206 993 1228 unum
1017 1197 1189 1239 quidquid
1213 1195 1294 1232 881.

884 1252 977 1274 unus
1004 1242 1104 1276 1023.

883 1293 922 1321 ut
947 1287 1111 1331 ripetuto
1140 1289 1216 1330 141,
1244 1300 1388 1325 omesso
1414 1290 1493 1327 591.

883 1340 923 1368 ut
947 1334 1193 1371 dichiarativo
1211 1335 1291 1377 056,
1306 1337 1464 1381 esclam„
1486 1337 1586 1373 1046.

883 1386 922 1415 ut
947 1381 1043 1426 dopo
1069 1388 1254 1426 expectare
1280 1383 1358 1418 735.

883 1433 922 1462 ut
946 1428 1043 1472 dopo
1068 1434 1248 1472 optumum
1273 1435 1323 1464 est
1346 1430 1426 1466 486.

883 1480 922 1508 ut
946 1487 988 1509 ne
1013 1476 1247 1512 consecutivo
1275 1476 1353 1520 105,
1376 1482 1414 1512 ut
1449 1479 1588 1522 quidem

929 1522 1010 1557 429.

884 1570 939 1602 uti
966 1569 996 1602 1.

881 1616 1049 1649 utendum
1074 1617 1162 1651 dare
1189 1616 1291 1652 1131.

881 1725 1018 1758 vacivos
1042 1726 1176 1760 voe-ivos
1203 1726 1256 1761 11.

881 1772 947 1804 vah
975 1771 1075 1806 1137.

881 1818 932 1851 vel
956 1817 1034 1852 655.

880 1865 1018 1898 venales
1043 1865 1168 1899 habere
1182 1865 1262 1900 332.

880 1911 984 1945 verba
1008 1912 1096 1946 dare
1121 1912 1177 1947 60.

880 1959 970 1991 vesci
997 1958 1026 1992 1.

841 2004 845 2006 ’
880 2005 956 2038 vide
981 2016 1033 2038 me
1050 2003 1129 2040 808.

879 2052 980 2084 viden
999 2056 1036 2085 ut
1062 2051 1140 2086 580.

878 2099 999 2131 vinum
1012 2111 1057 2124 =
1074 2110 1141 2133 uva
1166 2099 1245 2134 526.

878 2146 991 2178 vivere
1017 2144 1096 2180 390.

878 2191 952 2224 volo
977 2191 1056 2232 237,
1083 2197 1114 2227 te
1139 2193 1213 2227 volo
1238 2192 1318 2235 516,
1346 2191 1428 2230 948.

877 2238 1051 2272 volturius
1076 2238 1155 2275 101.

877 2289 996 2319 votare
1020 2285 1101 2321 457.
