1818 2973
237 31 302 68 132
823 48 862 72 u.
887 47 970 73 Acm
993 48 1126 74 Ρωυτι

339 122 419 166 Sed
447 125 481 166 si
509 136 592 167 non
620 127 731 168 dicto
758 123 932 168 audiens
950 130 1024 178 est,
1054 125 1152 181 quid
1179 133 1284 183 ago?
1338 135 1406 174 ST.
1426 135 1485 174 Da
1505 132 1704 188 magnum

1419 210 1589 250 malum.
1644 241 1678 264 ⁵⁵

234 276 310 316 Cn.
337 272 450 317 Bene
476 287 640 318 mones:
669 277 726 317 ita
755 276 897 319 facere
925 280 1140 320 certumst.
1246 282 1314 322 ΒΤ.
1342 277 1429 323 Nisi
1464 285 1631 335 quidem
1659 289 1705 326 es

1485 358 1702 402 obnoxius

232 427 307 466 Cn.
335 421 377 466 Si
404 426 536 466 bonus
564 430 621 475 eS,
638 426 842 469 obnoxius
870 440 984 469 sum:
1012 425 1076 470 sin
1095 441 1216 472 secus
1234 442 1291 480 es,
1312 432 1460 474 faciam
1482 430 1529 474 ut
1547 445 1702 477 mones.

232 501 301 541 ST.
329 496 434 550 Quid
462 502 504 541 id
531 502 584 542 ad
612 513 679 544 me
708 501 859 544 attinet
885 504 1057 546 bonisne
1083 502 1220 546 seruis
1247 508 1292 547 tu
1322 510 1443 549 utare
1471 506 1526 549 an
1554 510 1703 550 malis?

1600 586 1702 625 1065

230 651 305 691 CH.
332 646 436 699 Quia
463 652 559 692 honi
589 648 771 704 malique
798 653 841 693 in
868 665 919 695 ea
947 665 993 696 re
1021 653 1119 707 pars
1147 655 1271 697 tibist.
1351 659 1419 698 S'r.
1448 660 1617 699 Partem
1644 657 1702 700 ‹41-

1563 736 1700 775 teram

335 797 424 842 Tibi
454 803 663 854 permitto,
692 804 805 844 illam
834 802 1012 845 alteram
1041 807 1150 856 apud
1179 818 1246 847 me
1274 806 1381 858 quod
1409 808 1546 849 honist
1571 807 1700 860 adpo-

1481 884 1580 924 nito.
1639 913 1672 937 ⁶0

227 954 301 993 Cn.
330 949 372 994 Si
401 953 484 994 eris
514 954 702 1002 meritus,
731 951 822 995 fiet.
877 955 1040 1006 respice
1061 952 1145 996 huc
1163 957 1216 996 ad
1236 967 1324 997 me:
1357 968 1434 1009 ego
1461 969 1553 998 sum
1571 957 1701 999 Char-

1553 1033 1697 1075 mides.

226 1105 293 1144 S'r.
322 1102 439 1153 Hem,
469 1105 560 1155 quis
587 1108 651 1146 est
679 1105 750 1156 qui
779 1103 1031 1147 mentionem
1052 1106 1177 1147 homo
1196 1105 1375 1148 hominis
1395 1108 1493 1149 fecit
1511 1104 1696 1159 optumi?

225 1184 300 1224 Cn.
339 1166 456 1235 ipsus
484 1183 608 1224 homo
636 1179 843 1235 optumus.
898 1186 965 1224 ST.
1007 1186 1136 1233 Mare,
1177 1187 1305 1233 terra,
1339 1183 1518 1234 caelum,
1547 1187 1601 1235 di,
1630 1199 1698 1228 uo·

1240 1259 1370 1301 stram
1399 1259 1536 1309 fidem,
1594 1264 1696 1303 1070

329 1332 447 1375 Satin
477 1346 554 1386 ego
581 1335 713 1376 oculis
733 1333 857 1385 plane
877 1334 1024 1375 uideo?
1053 1332 1169 1376 estne
1188 1335 1259 1375 hic
1278 1346 1332 1375 an
1352 1347 1434 1376 non
1453 1338 1539 1377 est?
1566 1336 1601 1376 is
1619 1339 1696 1377 est.

222 1483 383 1516 nominat
408 1483 485 1514 me?
508 1481 635 1515 Daem.
665 1481 734 1522 Qui
752 1491 823 1523 pro
850 1484 882 1513 te
905 1484 1091 1522 amentum
1108 1482 1213 1522 dedit,
1232 1480 1330 1516 Pers.
1348 1481 1415 1517 273
1433 1494 1544 1517 emere
1561 1488 1696 1527 oportet

221 1551 322 1583 quem
347 1540 411 1573 tibi
435 1540 595 1573 oboedire
620 1540 714 1572 velis.
744 1555 781 1560 —-
835 1536 951 1572 1062.
978 1539 1062 1582 quid
1087 1541 1183 1582 ayo?
1209 1536 1222 1551 “
1241 1539 1308 1574 che
1334 1539 1454 1575 debbo
1478 1540 1515 1575 io
1533 1540 1692 1583 farci?,.

222 1597 261 1631 L'
275 1595 478 1632 indicativo
506 1607 610 1631 serve
636 1607 658 1631 a
683 1596 772 1631 dare
798 1595 1171 1640 all'interrogazione
1203 1608 1278 1631 una
1308 1597 1427 1632 forma
1451 1596 1516 1642 piu
1541 1596 1691 1639 vivace:

222 1655 286 1690 cfr.
313 1666 450 1689 ancora
475 1655 572 1689 Men.
606 1654 639 1697 2,
668 1654 701 1697 2,
734 1654 779 1689 45
813 1655 938 1688 obsono
972 1656 1159 1698 amplius?
1181 1655 1289 1690 Most.
1317 1656 1349 1697 3,
1375 1655 1407 1698 2,
1433 1655 1477 1690 87
1504 1658 1592 1690 eon?
1614 1665 1694 1689 voco

221 1715 288 1748 huc
312 1714 518 1747 hominem?
541 1713 611 1747 Del
636 1714 735 1748 resto
761 1714 914 1748 aecanto
942 1724 964 1747 a
987 1715 1071 1756 quid
1096 1725 1161 1756 ayo
1185 1713 1216 1747 si
1242 1716 1348 1749 trova
1364 1713 1404 1747 in
1429 1713 1562 1748 Plauto
1576 1713 1693 1748 anche

221 1773 306 1816 quid
330 1783 444 1815 aqam.
476 1789 511 1794 —
541 1784 709 1815 maynum
734 1773 875 1812 malum,
903 1771 966 1806 cfr.
992 1783 1027 1806 n.
1056 1772 1156 1807 1045.
1183 1790 1225 1797 -·
1299 1770 1415 1805 1063.
1442 1772 1516 1805 nisi
1540 1772 1611 1806 ebe.
1640 1768 1654 1783 “
1672 1782 1695 1806 a

221 1841 330 1866 meno
356 1830 423 1865 che
448 1831 489 1864 tu
514 1841 589 1864 non
614 1829 668 1873 gli
687 1829 749 1864 stii
767 1831 951 1874 soggetto,
969 1829 1022 1873 gli
1041 1829 1086 1864 sii
1105 1830 1297 1873 obbligato
1316 1856 1344 1873 ,,.
1371 1829 1503 1865 Soleva
1520 1840 1595 1865 nou
1611 1840 1694 1864 rare

222 1889 322 1924 voite
347 1888 522 1923 avvenire
548 1889 614 1922 che
640 1888 653 1922 i
680 1887 758 1932 figli
784 1888 821 1922 di
846 1887 1029 1931 famiglia,
1056 1899 1075 1923 e
1101 1888 1258 1932 qualche
1293 1887 1396 1923 volta
1429 1887 1545 1922 anche
1577 1886 1606 1922 il
1631 1899 1693 1931 pa-

220 1947 335 1982 drone
361 1945 399 1980 di
425 1957 522 1987 casa,
548 1947 758 1981 entrassero
783 1945 823 1980 in
846 1945 1032 1981 relazione
1058 1945 1116 1981 coi
1142 1947 1219 1981 loro
1245 1946 1387 1981 schiavi
1406 1956 1473 1990 per
1490 1944 1606 1987 affari,
1625 1945 1693 1980 che

220 2004 294 2039 essi
319 2015 486 2039 avevano
511 2006 610 2039 tutto
636 2004 843 2039 l'interesse
870 2003 907 2038 di
933 2005 1041 2039 tener
1064 2003 1238 2046 nascosti,
1264 2015 1330 2048 per
1347 2003 1505 2048 intrighi
1530 2003 1693 2038 d'amore

221 2062 300 2098 cioe
325 2074 346 2098 o
372 2073 463 2107 pure
489 2073 555 2106 per
580 2062 737 2106 qualche
763 2061 906 2106 piccola
932 2061 1043 2096 truffa
1068 2062 1166 2096 satta
1190 2061 1229 2096 in
1255 2073 1351 2096 casa.
1378 2061 1439 2095 Ma
1465 2061 1636 2096 Carmide
1662 2061 1693 2096 si

221 2121 371 2156 affretta
395 2131 417 2155 a
442 2120 650 2155 dichiarare
677 2121 744 2155 che
771 2120 845 2163 egli
871 2120 928 2155 coi
953 2120 1034 2155 suoi
1060 2119 1202 2154 schiavi
1219 2131 1294 2154 non
1310 2120 1358 2154 ha
1376 2121 1489 2154 avuta
1505 2119 1580 2154 mai
1596 2120 1694 2155 altra

220 2179 405 2215 relazione
438 2181 571 2214 tranne
609 2179 675 2214 che
709 2179 836 2223 quella
867 2179 905 2213 di
938 2179 1102 2223 padrone
1135 2189 1241 2213 verso
1274 2177 1302 2212 il
1336 2189 1400 2213 suo
1433 2189 1551 2213 servo.
1581 2195 1618 2201 —
1647 2185 1691 2220 es,

221 2237 283 2272 cfr.
309 2250 345 2272 n.
370 2237 428 2272 47.
458 2255 494 2260 —
593 2236 709 2271 1064.
736 2249 844 2279 secus,
869 2237 948 2272 scil.
968 2238 1094 2271 malus.
1120 2236 1150 2271 Il
1175 2236 1377 2271 Lambinus
1394 2246 1620 2279 correggeva
1642 2241 1693 2270 est

220 2307 287 2341 per
310 2295 325 2330 i
349 2296 420 2331 due
447 2307 481 2330 es
507 2295 567 2330 dei
584 2295 687 2330 codd.
713 2313 757 2318 —
783 2301 822 2329 ut
847 2307 974 2337 mones,
993 2294 1049 2329 001
1067 2294 1240 2339 palimps.
1259 2295 1427 2336 ambros„
1445 2305 1512 2338 per
1527 2296 1581 2328 uti
1596 2295 1694 2329 iubes

220 2354 282 2390 dei
319 2353 437 2390 codici
473 2353 645 2399 palatini.
685 2371 725 2382 -ι-
819 2353 935 2388 1066.
962 2359 1106 2397 partem
1134 2354 1285 2387 alteram
1306 2366 1352 2379 =
1372 2353 1463 2396 quod
1487 2353 1619 2387 malist.
1652 2369 1689 2375 -

220 2412 336 2448 1067.
362 2415 453 2457 quod
478 2415 592 2448 bonist
617 2414 636 2448 0
662 2412 900 2458 apposizione
918 2412 957 2446 di
972 2413 1074 2446 illam
1091 2413 1252 2446 alteram.
1282 2429 1319 2436 —-
1348 2412 1516 2455 apponito
1545 2407 1558 2423 “
1575 2410 1693 2455 ripor-

220 2472 300 2507 taxa
316 2482 338 2506 a
355 2471 430 2507 mio
449 2472 588 2507 credito
607 2498 635 2515 „.
654 2489 690 2494 —
731 2470 847 2506 1069.
865 2471 965 2506 homo
982 2471 1135 2505 hominis
1150 2470 1243 2513 fecit,
1262 2468 1318 2504 col
1335 2468 1508 2513 palimps.
1522 2468 1668 2504 ambros
1683 2494 1693 2511 ‚

220 2541 288 2576 per
309 2531 400 2574 facit
424 2531 522 2565 homo
547 2531 701 2564 hominis
726 2529 787 2565 dei
813 2528 932 2565 codici
950 2527 1121 2573 palatini.
1140 2545 1184 2550 —
1231 2526 1337 2562 1071.
1363 2526 1694 2571 hic,colpa1imps.
