1872 2968
229 67 274 103 24
817 82 857 107 M.
881 82 962 107 Acm
986 82 1118 108 Pmu‘ri

335 160 381 200 Ei
408 161 471 201 rei
500 158 670 211 operam
699 162 799 201 dare
828 164 869 201 te
900 158 1037 201 dierat
1064 163 1278 212 aliquanto
1303 161 1488 214 aequius,

335 230 451 286 Siqui
478 236 713 286 probiorem
744 234 882 275 secere
911 247 1063 286 posses,
1094 235 1175 277 non
1205 238 1265 276 uti
1623 243 1702 282 120

337 311 384 349 In
413 308 585 350 eimdem
617 304 706 349 tute
734 295 958 350 accederes
988 310 1200 352 insemiam

340 381 579 434 Maltimque
607 387 654 423 ut
681 384 771 424 eius
799 381 895 424 011111
923 387 995 425 tuo
1024 387 1220 427 misceres
1248 388 1367 428 malo.
1641 421 1674 444 as

233 460 306 499 CA.
338 459 442 507 Quid
471 456 581 498 feci?
672 461 754 498 ΜΕ.
783 461 898 507 Quod
927 460 1050 500 homo
1078 459 1271 511 nequam.
1362 465 1435 502 CA.
1473 465 1564 504 Non
1591 463 1700 506 istl’ic

1506 542 1699 579 meumst.

232 611 313 649 ΜΕ.
343 604 514 648 Emistin
543 610 594 649 de
622 607 891 650 adulescente
919 610 996 650 has
1024 612 1167 651 aedis?
1196 634 1246 641 —
1275 608 1371 663 quid
1401 616 1546 654 taces?
1574 637 1624 642 —

336 684 411 723 Vbi
442 679 552 723 mino
581 686 671 724 tute
699 684 875 725 habitas.
905 688 976 726 CA.
1005 678 1093 726 Emi
1115 690 1240 737 atque
1261 684 1482 739 argent-lim
1502 690 1593 730 dedi
1626 690 1702 729 125

337 756 471 798 Minds
500 759 788 810 quadraginta,
818 758 1076 800 &dulescenti
1106 762 1181 812 ipsi
1210 757 1252 802 in
1282 774 1465 803 manum.

233 836 314 873 ΜΕ.
344 828 530 873 Ded'istin
559 837 838 885 argentumss!
896 837 967 874 CA.
988 834 1174 883 chtum,
1196 848 1332 887 neque
1352 834 1449 878 facti
1478 839 1600 890 piget.

235 910 316 948 ΜΕ.
337 906 490 958 Edepol
520 908 600 948 fide
628 908 939 949 adulescentem
971 907 1210 949 mandatnm
1241 913 1397 952 malae:

339 978 549 1024 Dedistine
578 983 658 1024 hoc
687 985 796 1024 facto
825 985 861 1024 ei
891 983 1087 1035 gladium,
1117 986 1186 1035 qui
1216 997 1259 1026 se
1288 983 1527 1028 occideret?

1641 869 1675 892 90

231 1165 279 1197 ad
301 1164 442 1206 fraqem
467 1174 574 1206 opera
599 1175 665 1197 sua
691 1164 909 1206 compulerit.
935 1163 964 1196 Il
991 1175 1024 1197 v,
1051 1167 1232 1207 conriyere
1256 1162 1317 1205 (da
1344 1162 1437 1208 νέρο)
1462 1176 1640 1200 conserva
1663 1165 1703 1200 in

231 1223 363 1265 questo
389 1221 499 1266 luogo
525 1221 553 1255 il
579 1221 786 1264 significato
814 1221 1051 1265 etimologico
1077 1222 1115 1255 di
1145 1219 1157 1234 “
1179 1222 1352 1265 dirigere,
1377 1234 1581 1265 governare
1604 1250 1632 1266 ,μ
1658 1239 1702 1244 -

231 1278 308 1314 119.
333 1281 389 1313 rei
415 1281 434 1314 0
460 1282 674 1323 computato
701 1290 804 1314 come
830 1280 1074 1314 monosillabo
1101 1291 1120 1314 e
1146 1280 1278 1324 quindi
1314 1280 1406 1315 eliso
1444 1281 1540 1316 colla
1577 1282 1703 1317 vocale

231 1339 427 1381 seguente;
454 1338 550 1372 forse
578 1337 710 1372 Plauto
737 1337 869 1372 scrisse
895 1338 1123 1372 additittura
1148 1345 1188 1372 re
1211 1349 1278 1382 per
1295 1340 1359 1379 rei,
1378 1338 1442 1373 cfr.
1459 1351 1495 1373 11.
1516 1340 1593 1373 117.
1616 1357 1651 1362 —
1672 1341 1705 1374 ei

230 1397 286 1430 rei
309 1397 329 1430 0
356 1407 474 1431 messo
500 1396 539 1430 in
566 1396 749 1430 relazione
777 1396 874 1430 colla
898 1396 1155 1440 proposizione
1193 1396 1448 1431 condizionale
1475 1396 1541 1431 che
1569 1408 1732 1441 seguez,

230 1456 325 1497 siqui
350 1455 418 1488 etc.
446 1471 488 1476 —-
515 1453 602 1488 120.
629 1454 824 1497 siqui=ei
850 1464 938 1493 πως,
963 1454 992 1486 εἶ
1016 1461 1086 1496 mn:
1114 1461 1173 1497 qui
1191 1457 1209 1488 'e
1228 1454 1347 1489 forma
1365 1454 1486 1497 d·ab1.,
1513 1455 1576 1490 cfr.
1594 1467 1630 1489 n.
1650 1456 1704 1490 14.

231 1531 277 1536 —
308 1523 431 1555 posses
456 1512 511 1547 col
539 1512 637 1555 Reiz,
664 1523 730 1556 per
752 1514 871 1555 possis
901 1511 961 1546 dei
988 1512 1091 1546 codd.
1121 1530 1160 1533 -
1200 1524 1270 1546 non
1296 1514 1350 1546 uti
1375 1514 1394 1547 0
1420 1512 1484 1556 pin
1514 1513 1642 1548 vivace
1667 1513 1705 1547 di

229 1581 335 1614 quam
362 1572 424 1604 uti.
450 1589 495 1594 —-
543 1569 620 1604 121.
647 1570 782 1605 Senso:
814 1581 887 1604 non
905 1570 1037 1604 dovevi
1056 1570 1200 1604 aiutare
1220 1581 1238 1604 e
1257 1570 1457 1604 secondare
1483 1570 1518 1605 10
1537 1582 1600 1605 sue
1627 1573 1704 1605 cat-

231 1628 308 1663 tive
345 1628 536 1662 tendenze.
574 1643 618 1647 —
690 1627 777 1662 122.
804 1629 1138 1671 mc1lum=culpa;
1166 1628 1230 1662 cfr.
1256 1627 1316 1662 del
1342 1630 1440 1663 resto
1465 1628 1494 1662 il
1519 1640 1552 1662 v.
1579 1628 1634 1663 99.
1660 1645 1704 1650 —

232 1685 319 1720 123.
345 1698 415 1720 non
441 1689 531 1720 istuc
560 1692 704 1720 meumst
734 1684 746 1698 ⁴⁴
769 1686 824 1720 cio
852 1686 919 1720 che
945 1688 986 1720 tu
1017 1686 1090 1720 dici
1115 1697 1190 1720 non
1216 1687 1235 1720 0
1260 1685 1380 1721 1111110
1400 1688 1564 1721 costume
1587 1713 1615 1727 „‚
1642 1685 1705 1720 cfr.

232 1757 267 1779 11.
294 1745 362 1779 445
389 1755 408 1779 e
435 1744 513 1778 Mil.
542 1745 631 1778 1363
658 1756 728 1778 non
753 1750 803 1778 est
829 1756 952 1778 meum.
979 1761 1022 1765 --
1073 1743 1160 1777 125.
1186 1745 1245 1778 ubi
1275 1749 1346 1777 tute
1371 1745 1510 1777 habitas
1537 1745 1556 1778 e
1581 1743 1706 1787 un'ag-

232 1802 366 1847 giunta
406 1802 654 1837 dichiarativa
695 1802 856 1837 dell'has
897 1803 1097 1837 contenuto
1140 1801 1202 1836 nel
1244 1813 1349 1836 verso
1390 1802 1624 1846 precedente.
1660 1820 1706 1826 —

233 1860 320 1895 126.
347 1863 464 1895 minas
489 1863 754 1904 quadrayinta:
782 1861 819 1895 la
844 1860 947 1894 mina
965 1871 1028 1895 era
1052 1872 1126 1894 una
1152 1862 1304 1894 moneta
1321 1860 1512 1903 d’argento
1538 1860 1604 1895 0110
1631 1870 1707 1895 001·-

233 1919 456 1963 rispondeva
481 1930 503 1952 a
530 1919 595 1953 100
630 1919 796 1953 dramme
821 1919 955 1962 greche
982 1930 1013 1956 o,
1042 1918 1108 1952 che
1135 1920 1153 1953 e
1179 1918 1214 1953 10
1242 1920 1369 1959 stesso,
1397 1929 1419 1951 a
1444 1919 1551 1952 cento
1577 1916 1706 1952 denari

232 1976 398 2013 romani:
425 1976 453 2010 il
478 1979 649 2010 denarius
675 1977 738 2020 poi
761 1976 863 2018 (sott.
901 1976 1078 2014 nummus)
1119 1987 1182 2010 era
1218 1987 1292 2009 una
1332 1977 1484 2010 moneta
1513 1975 1706 2019 d'argento

234 2036 537 2079 eorrispondente
564 2047 585 2069 a
613 2035 654 2069 16
682 2035 755 2069 assi
793 2045 813 2068 o
851 2046 872 2068 a
910 2036 1059 2078 quattro
1097 2033 1259 2074 sesterzi,
1286 2034 1365 2068 0100
1403 2045 1425 2068 a
1455 2046 1505 2068 un
1542 2034 1707 2078 dipresso

235 2106 257 2130 a
280 2094 361 2136 0,86
387 2092 581 2128 centesimi
606 2093 706 2127 della
737 2094 864 2127 nostra
882 2095 1042 2126 moneta.
1069 2092 1099 2125 Il
1127 2092 1267 2126 Ritschl
1292 2091 1427 2126 ritiene
1447 2094 1576 2135 questo
1603 2102 1707 2127 verso

234 2163 336 2187 come
364 2151 488 2195 spurio
524 2162 543 2186 e
578 2162 679 2186 come
716 2150 944 2193 interpolato
983 2150 1043 2184 dal
1071 2163 1103 2184 V.
1132 2150 1213 2190 403,
1240 2149 1507 2185 considerando
1543 2150 1608 2184 che
1634 2160 1709 2185 una

235 2209 492 2245 affermazione
526 2211 601 2244 cosi
635 2208 798 2253 enfatica
827 2209 874 2242 da
908 2210 1015 2251 parte
1049 2208 1086 2242 di
1120 2208 1273 2243 Callicle
1309 2208 1535 2250 (adulescenti
1566 2209 1638 2251 ipsi
1669 2209 1709 2241 in

235 2270 390 2308 manum)
436 2279 510 2303 non
554 2278 671 2302 aveva
711 2266 864 2311 ragione
904 2266 941 2300 di
984 2277 1083 2301 esser
1118 2267 1216 2301 satta
1254 2266 1293 2300 in
1327 2267 1457 2309 questo
1495 2267 1622 2309 punto.
1663 2284 1708 2290 —-

235 2325 322 2360 127.
349 2328 514 2367 dedistin,
541 2325 597 2361 coi
623 2338 708 2359 mss.
741 2343 782 2347 —
808 2326 943 2367 factum
973 2322 985 2336 ⁴⁴
1008 2324 1046 2358 la
1072 2336 1156 2359 cosa
1186 2326 1205 2359 0
1230 2325 1327 2358 satta
1349 2336 1382 2366 „3
1409 2323 1472 2357 cfr.
1497 2335 1534 2358 n.
1558 2324 1639 2358 429.
1663 2340 1710 2345 —

236 2383 323 2418 128.
347 2385 424 2427 fide,
452 2384 515 2418 cfr.
541 2396 576 2418 n.
606 2385 683 2418 117.
706 2401 742 2405 —
764 2384 883 2427 edepol
907 2385 1160 2417 adulescentem
1185 2384 1401 2423 mandatum,
1429 2393 1502 2416 acc.
1529 2381 1567 2415 di
1597 2381 1709 2416 escla-

236 2441 414 2484 mazionej
441 2442 503 2476 cfr.
523 2442 624 2475 Asin.
645 2441 713 2476 580
740 2443 859 2485 edepol
875 2453 990 2475 senem
1008 2442 1257 2474 Demaenetum
1283 2441 1436 2483 lepidum
1461 2440 1585 2483 fuisse,
1603 2438 1710 2483 Epid.

237 2499 282 2535 72
295 2511 338 2534 eu
351 2501 469 2543 edepol
486 2511 543 2533 res
560 2501 792 2534 turbulentas.
812 2517 854 2521 —-
904 2498 991 2532 129.
1007 2500 1189 2540 dedis-tine,
1209 2498 1272 2532 cfr.
1291 2497 1430 2531 Introd.
1445 2497 1531 2541 Cap.
1545 2497 1710 2533 XXXVI.

237 2576 284 2584 ·-—
308 2559 371 2592 hoo
393 2559 489 2601 facto
515 2559 533 2592 e
559 2558 661 2592 detto
688 2558 735 2591 da
761 2557 1000 2601 Megaronide
1018 2556 1057 2591 in
1075 2557 1182 2591 modo
1209 2555 1392 2599 tagliente
1413 2555 1458 2590 ed
1484 2556 1503 2590 0
1533 2566 1652 2591 messo
1671 2555 1710 2593 in
