1818 2973
202 90 244 124 44
790 101 828 126 M.
853 101 934 126 Accx
959 99 1090 125 ΡιΑυτι

305 182 418 221 Haec
447 181 535 221 dies
561 181 696 221 noctis
723 180 846 220 canto
874 181 946 220 tibi
977 183 1024 219 ut
1051 190 1218 220 0011003.
1482 181 1586 220 2871]
1616 209 1647 233 ,0

204 257 319 304 Quod
343 255 468 296 mz'lnu
488 268 570 296 non
591 253 750 306 quei‘mt
769 251 956 305 tangere,
977 256 1140 293 tantum
1160 254 1222 293 fas
1241 248 1410 302 hebent,
1431 265 1514 305 quo
1529 248 1675 294 maniis

1416 325 1673 369 abstineant:

309 403 459 446 Cetera
487 416 603 455 rape,
634 404 770 451 trahe,
801 400 908 455 suge,
940 405 1035 444 late.

203 479 433 521 Locrumas
448 481 501 519 mi
518 480 636 527 haec,
654 490 777 530 quom
797 474 930 527 uideo,
951 478 1136 527 eliciunt,
1157 473 1255 529 quia
1275 489 1353 529 ego
1372 479 1424 518 ad
1445 479 1524 519 1100
1543 490 1676 530 genus

1134 550 1283 593 duravi
1312 553 1544 594 hominum.
1598 555 1676 593 290

307 626 418 676 Quin
451 629 566 679 prius
595 641 661 669 me
689 630 739 668 ad
770 624 903 679 pluris
930 629 1182 679 11011011·ουἰὲ

204 707 309 744 Nam
341 700 385 743 hi
415 715 553 744 mores
581 703 785 743 maiorum
815 705 999 752 laudant,
1029 702 1194 744 eosdem
1227 704 1398 744 lutitant
1438 702 1540 754 quos
1580 715 1676 744 con-

1373 778 1560 818 laudant.
1618 809 1649 831 1⁵

308 849 430 894 Hisce
460 865 537 905 ego
566 854 616 893 de
643 851 806 893 artibus
834 851 1016 904 gretiam
1046 852 1162 901 10010,

203 1006 299 1043 colla
310 1007 425 1041 bocca
439 1008 571 1050 aperta
585 1018 652 1051 per
669 1006 818 1041 divorar
831 1005 983 1048 l'astrui,
998 1006 1061 1040 cfr.
1076 1018 1109 1040 v.
1126 1006 1194 1042 169
1205 1008 1359 1041 inhiare.
1375 1026 1416 1031 —
1465 1005 1561 1041 287.
1575 1012 1678 1041 canto

206 1063 219 1077 “
237 1065 386 1108 predico
406 1092 418 1106 ‚‚
429 1075 439 1107 3
466 1065 529 1099 cfr.
556 1064 638 1099 Ter.
664 1065 797 1098 Heaut.
816 1064 849 1106 2,
868 1065 900 1105 3,
922 1065 963 1098 19
980 1067 1041 1108 qui
1053 1065 1183 1098 harum
1197 1077 1310 1099 mores
1327 1066 1491 1100 cantabat
1515 1066 1614 1099 mihi.
1631 1084 1676 1090 —

203 1125 277 1157 dies
290 1124 309 1156 e
324 1123 418 1157 fatto
438 1123 683 1157 monosillabo
701 1133 768 1166 per
786 1122 945 1157 sinizesi.
964 1140 1006 1144 —
1025 1125 1100 1157 dies
1117 1125 1239 1165 noctis,
1257 1123 1354 1158 colla
1372 1123 1505 1167 copula
1521 1112 1676 1165 0111οε00,

202 1183 222 1216 e
246 1181 505 1224 l'espressione
532 1180 684 1224 propria
709 1181 769 1215 del
796 1181 913 1215 latino
941 1181 1107 1223 classico,
1133 1180 1169 1215 la
1196 1182 1305 1225 quale
1331 1181 1395 1225 qui
1421 1181 1452 1216 si
1467 1183 1576 1216 trova
1593 1193 1675 1216 con·

202 1242 350 1274 servata
375 1239 435 1273 dal
460 1239 716 1283 palimpsesto.
742 1259 787 1263 —
831 1238 926 1273 288.
953 1244 1098 1280 manre&
1125 1239 1189 1274 cfr.
1215 1240 1354 1274 Introd.
1382 1240 1486 1284 Capt.
1512 1239 1675 1275 XXXIV.

205 1314 242 1319 —
271 1302 407 1331 taniam
422 1299 731 1331 =tantmmnodo.
757 1313 799 1318 -—-
826 1298 886 1339 fas
911 1298 1037 1331 habent
1057 1310 1102 1323 =
1122 1299 1225 1340 nefas
1244 1303 1386 1341 putant.
1405 1317 1450 1322 —
1467 1299 1675 1340 abstineant,

202 1356 288 1390 sott.
314 1356 357 1388 ab
382 1357 429 1388 iis
454 1367 541 1398 quae
567 1366 676 1388 manu
701 1360 874 1398 nequeunt
899 1360 1053 1398 tcmqere.
1082 1375 1122 1379 —
1187 1354 1283 1388 289.
1309 1356 1435 1390 Anche
1462 1355 1537 1399 qui,
1571 1367 1676 1391 come

201 1413 264 1447 nei
289 1425 346 1447 vv,
373 1412 440 1446 258
468 1423 486 1447 e
513 1413 592 1453 266,
619 1413 654 1446 al
680 1412 843 1447 discorso
869 1412 1049 1447 indiretto
1068 1413 1099 1447 si
1116 1413 1370 1448 frammischia
1395 1413 1434 1447 in
1452 1414 1561 1448 modo
1579 1413 1676 1449 assai

201 1471 329 1506 vivace
356 1470 384 1504 11
410 1470 571 1505 discorso
598 1471 746 1505 diretto.
774 1471 804 1504 11
831 1472 942 1514 poeta
968 1471 1064 1514 finge
1091 1471 1158 1506 che
1175 1474 1288 1514 gente
1305 1471 1464 1515 ingorda
1480 1471 1511 1506 si
1529 1471 1676 1508 trovino

202 1541 224 1564 a
248 1529 452 1564 discorrere
478 1530 537 1563 tra
562 1529 599 1562 di
626 1529 705 1562 loro
732 1528 882 1563 intorno
909 1528 982 1562 alle
1009 1540 1093 1563 cose
1121 1529 1187 1563 che
1205 1540 1321 1564 3011110
1347 1531 1518 1574 soggette
1544 1529 1581 1564 al
1596 1529 1676 1565 1010

201 1587 365 1623 (1011111110
392 1597 410 1621 0
437 1587 512 1621 alla
538 1587 615 1621 loro
642 1586 843 1630 cupidigia.
861 1587 889 1620 Il
909 1587 1240 1630 proceleusmatico
1259 1590 1347 1630 νᾰρέ
1362 1589 1472 1628 trahe,
1489 1598 1593 1622 come
1612 1588 1676 1631 gia

201 1647 290 1680 noto
316 1645 344 1678 il
370 1644 524 1686 Ritschl,
551 1645 704 1688 dipinge
731 1644 829 1678 assai
855 1645 890 1679 al
917 1645 1002 1679 vivo
1028 1644 1217 1688 l‘ingorda
1242 1657 1261 1680 0
1287 1645 1482 1680 frettolosa
1505 1646 1676 1689 rapacitit

201 1704 239 1738 di
264 1706 397 1747 questa
424 1700 437 1714 “
456 1702 581 1737 hiulca
606 1714 697 1746 gons
716 1715 749 1744 „;
778 1703 842 1737 cfr.
869 1714 936 1746 per
960 1702 997 1736 10
1023 1703 1143 1737 forma
1168 1703 1343 1738 stilistica
1376 1703 1439 1746 qui
1471 1703 1677 1746 adoperata

201 1762 332 1796 Pseud.
371 1761 436 1796 138
470 1763 531 1803 qui
564 1762 647 1794 haec
671 1762 797 1794 habent
823 1762 985 1803 consilia,
1012 1763 1072 1794 ubi
1100 1763 1186 1794 data
1204 1764 1383 1804 occasiost,
1413 1758 1426 1773 ‘⁴
1444 1773 1542 1804 rape,
1573 1763 1675 1806 clepe,

201 1825 295 1862 tene;
320 1821 493 1862 harpaya,
513 1820 594 1859 bibe,
622 1830 668 1860 es,
693 1820 776 1862 fuqe
794 1846 822 1861 „.
841 1838 886 1842 —
947 1817 1042 1853 290.
1070 1821 1119 1852 mi
1143 1821 1227 1853 haec
1252 1819 1308 1853 001
1334 1818 1488 1861 Ritsohl,
1505 1830 1572 1863 per
1588 1821 1678 1854 mihi

200 1879 284 1911 haec
309 1876 369 1911 dei
394 1876 522 1911 codici.
549 1897 593 1900 —
628 1879 712 1920 quia
737 1879 756 1911 0
783 1879 1079 1912 costantemente
1118 1877 1320 1920 adoperato
1347 1877 1395 1911 da
1420 1877 1554 1912 Plauto
1579 1877 1675 1921 dopo

201 1936 215 1970 i
238 1935 344 1970 verbi
369 1935 435 1969 che
463 1935 673 1977 esprimono
699 1935 951 1970 un'emozione
977 1935 1204 1977 dell’animo,
1229 1946 1296 1978 per
1313 1935 1496 1970 influenza
1520 1935 1675 1970 dell'uso

202 1993 391 2037 popolare,
417 1992 456 2026 in
481 1992 593 2035 luogo
620 1993 658 2026 di
683 1995 784 2036 quod,
812 1993 879 2027 che
905 1994 924 2027 0
950 1993 987 2026 10
1013 1992 1210 2036 particella
1243 1994 1352 2027 usata,
1385 1993 1486 2037 dagli
1511 1993 1676 2028 scrittori

202 2051 358 2091 classici,
384 2051 449 2085 cfr.
475 2050 555 2084 Mil.
586 2050 674 2084 1328
702 2052 861 2084 lacrumo
896 2054 981 2094 quia
1006 2053 1242 2094 diiunyimm·.
1271 2068 1314 2073 —-
1341 2053 1472 2085 duravi
1499 2053 1547 2085 ad
1578 2049 1591 2064 “
1609 2062 1676 2087 son

202 2110 343 2144 vissuto
361 2108 440 2143 sino
467 2119 489 2142 a
515 2110 649 2152 questa
668 2109 729 2142 eta
747 2119 813 2152 per
832 2108 965 2143 vedere
982 2136 1009 2151 „.
1031 2126 1073 2130 —
1147 2108 1233 2143 291.
1259 2112 1344 2152 quin
1374 2106 1387 2121 ‘⁴
1404 2109 1539 2152 perche
1557 2120 1632 2145 non
1646 2137 1675 2153 „.

201 2187 245 2191 —-
270 2169 317 2201 ad
335 2168 460 2210 pluris
489 2164 501 2178 ⁴
519 2166 579 2200 nel
617 2177 741 2209 regno,
774 2166 835 2200 nel
868 2177 1020 2200 numero
1058 2166 1117 2200 dei
1156 2166 1268 2210 piu„
1306 2167 1369 2201 cfr.
1400 2166 1548 2201 Petron.
1575 2178 1604 2201 0.
1629 2167 1675 2202 42

202 2227 290 2260 abiit
315 2227 362 2259 ad
384 2226 518 2268 plures,
546 2224 568 2258 i.
596 2236 626 2258 e.
653 2226 809 2266 itzferos;
836 2223 916 2258 Cas.
944 2224 1036 2267 prol.
1066 2225 1108 2259 19
1134 2227 1194 2268 qui
1218 2236 1312 2258 nunc
1337 2225 1503 2259 abierunt
1529 2226 1612 2259 hinc
1636 2228 1676 2259 in

201 2294 415 2318 communem
448 2283 571 2316 locum.
606 2282 634 2315 11
665 2293 775 2325 greco
801 2282 965 2325 adopera
990 2279 1023 2313 οἱ
1048 2281 1211 2321 πλείονες
1235 2282 1297 2316 nel
1323 2293 1430 2317 senso
1455 2281 1493 2316 di
1518 2280 1552 2315 οἱ
1575 2291 1676 2315 τετε-

202 2340 436 2380 λευτηκότες;
478 2340 541 2374 cfr.
568 2340 718 2373 Aristof.
746 2338 885 2374 Eccles.
926 2339 1016 2373 1073
1052 2341 1166 2379 γραῦς
1204 2338 1425 2380 ἀνεστηκυῖα
1463 2339 1560 2380 παρὰ
1597 2342 1676 2372 τῶν

203 2396 392 2430 πλειόνων.
419 2417 461 2422 -
560 2397 654 2431 292.
681 2399 729 2437 lei,
755 2397 807 2440 gli
837 2397 980 2431 nomini
1016 2397 1078 2431 dei
1113 2397 1235 2439 giomi
1271 2397 1400 2438 nostri,
1426 2397 1439 2431 i
1464 2400 1675 2442 contempo-

201 2453 317 2487 ranei.
344 2474 386 2477 —
414 2457 558 2489 lutitant
585 2457 603 2489 0
630 2456 657 2489 11
684 2455 961 2499 frequentativo
987 2455 1025 2489 di
1050 2456 1176 2496 lutare,
1204 2466 1223 2489 e
1247 2466 1322 2490 non
1348 2455 1379 2489 si
1402 2457 1511 2491 trova
1543 2455 1675 2499 adope-

202 2513 282 2545 rato
309 2510 451 2546 altrove
489 2513 535 2546 da
573 2513 727 2556 Plauto;
758 2513 821 2547 cfr.
849 2513 916 2548 693
944 2513 1222 2547 σοῑὶαικῑεητανε.
1250 2533 1291 2537 ——
1389 2511 1486 2547 293.
1511 2513 1605 2547 hisce
1634 2514 1677 2547 de

200 2570 340 2603 artibus
369 2567 382 2581 '‘
400 2569 574 2613 rigum-do
602 2582 622 2604 0
649 2571 797 2606 code-ste
825 2571 923 2606 male
950 2570 1022 2605 arti
1041 2597 1068 2614 „.
1097 2590 1137 2595 —
1163 2572 1321 2614 qratiam
1345 2571 1465 2614 facere
1482 2572 1593 2606 alicui
1609 2571 1675 2605 ali-
