1872 2968
31 52 42 74 2
77 56 80 57 γ

0 0 87 154 Γ
573 99 790 125 'rRvaMvs
812 99 835 130 1,
859 88 893 129 2,
917 88 1057 123 82-99
1505 80 1550 122 25

188 183 292 231 Quid
319 178 440 222 secus
466 182 530 221 est
556 182 630 220 aut
657 180 755 230 quid
782 175 970 225 interest,
1000 178 1102 218 dare
1130 180 1171 218 te
1199 171 1240 216 in
1271 188 1418 217 manus
1474 180 1551 218 130

188 256 419 309 Argentum
447 255 605 296 amanti
633 255 791 295 homini
821 253 1093 300 &dulescentk
1123 253 1250 292 animi
1279 248 1435 303 impeti,

188 333 265 381 Qui
293 330 594 373 exaedificaret
622 342 740 371 suam
768 326 1008 381 incohatam
1037 327 1279 380 igneuiam?
1493 358 1526 380 95

83 411 154 450 CA.
183 410 275 449 Non
303 405 379 459 ego
406 408 466 447 illi
494 409 717 458 argentum
745 403 996 446 redderem?
1052 407 1133 444 ΜΕ.
1161 406 1253 444 Non
1281 402 1481 444 redderes

186 485 332 534 Neque
361 484 411 523 de
439 478 510 522 illo
538 482 760 532 quicquam
789 479 924 530 neque
953 491 1116 520 emeres
1144 490 1280 530 neque
1308 475 1526 526 uenderes,

190 561 277 599 Nec
305 554 375 608 qui
403 558 586 597 deterior
615 554 732 601 esset,
763 556 926 596 faceres
952 553 1124 605 cepiam.
1475 556 1551 594 135

186 631 491 674 Incdnciliastin
519 627 614 672 011111
635 631 704 682 qui
736 627 975 671 mandatslst
1004 631 1103 669 libi?

79 773 261 809 relazione
288 772 385 807 00113
408 771 506 806 frase
524 771 562 805 di
588 770 763 806 Callicle:
789 771 923 813 factum
948 782 1056 814 neque
1071 771 1161 812 facti
1180 772 1288 813 piyet.
1307 791 1352 794 —
1367 772 1550 814 gladium:

80 831 99 865 0
113 830 245 873 questa
262 827 508 862 un’allusione
524 827 559 861 al
573 826 769 871 proverbio
783 837 893 869 greco
913 826 959 867 μὴ
978 825 1076 858 παιδὶ
1091 825 1279 867 μάχαιραν.
1295 844 1337 848 -
1356 829 1550 871 qui=quo‚

78 888 141 923 cfr.
165 899 202 921 n.
230 887 284 921 14.
309 906 354 910 —
402 884 489 919 130.
515 884 651 919 Poiche
678 884 691 918 i
716 884 950 919 manosoritti
987 884 1109 918 (1311110
1147 890 1284 918 secutus
1309 885 1349 918 111
1375 885 1484 928 luogo
1511 884 1548 919 di

78 957 176 980 secus
199 956 218 980 e
244 943 500 987 l'espressione
527 943 643 977 riesce
669 941 910 984 tautologiea,
928 941 956 975 11
981 941 1125 975 Ritschl
1144 952 1162 976 e
1180 941 1208 975 il
1226 941 1444 976 Fleckeisen
1468 953 1548 986 pro-

79 1013 250 1048 pongono
275 1013 294 1037 e
320 1002 496 1036 adottano
524 1000 561 1035 di
586 1002 716 1044 questo
736 1011 840 1034 verso
859 999 895 1034 13
913 1001 1090 1042 seguente
1108 999 1274 1034 lezione:
1299 1002 1384 1044 quid
1408 1001 1550 1034 se'ctinst

79 1059 187 1104 [nam,
214 1066 246 1095 te
270 1058 433 1102 15bse0r0],
459 1061 546 1093 dare
571 1064 632 1093 etc·
658 1058 728 1099 Ma,
744 1058 874 1102 poiche
901 1057 1115 1101 l'ampiezza
1133 1058 1207 1093 ela
1223 1058 1449 1094 ridondanza
1474 1059 1549 1093 del-

79 1118 335 1162 l'espressione
362 1119 381 1152 0
407 1128 479 1151 una
505 1117 602 1150 delle
629 1115 926 1150 caratteristiehe
954 1116 1020 1150 che
1057 1117 1094 1150 la
1120 1117 1327 1151 commeslja
1352 1117 1389 1151 di
1414 1117 1548 1152 Plauto

76 1176 116 1211 in
140 1175 295 1220 ispecial
320 1175 427 1209 modo
453 1175 501 1208 ha
527 1185 681 1209 comune
709 1173 764 1208 001
790 1174 1007 1217 linguaggio
1026 1174 1213 1218 popolare,
1233 1186 1251 1209 e
1270 1175 1306 1208 vi
1332 1175 1362 1210 si
1391 1177 1548 1210 trovano

76 1234 277 1278 adoperate
302 1232 340 1266 di
365 1232 559 1276 frequente
585 1232 656 1266 due
683 1231 908 1275 espressioni
927 1232 1033 1275 quasi
1059 1232 1246 1266 identiche
1260 1233 1322 1267 nel
1347 1233 1470 1275 fondo,
1487 1244 1547 1267 ma

76 1292 142 1327 che
155 1291 380 1334 s'integrano
406 1290 507 1324 l'una
533 1289 658 1324 l'altra
682 1301 748 1333 per
767 1289 968 1334 esprimere
995 1302 1045 1324 un
1071 1293 1239 1325 concetto
1266 1290 1305 1325 in
1330 1302 1405 1326 una
1429 1291 1548 1326 forma

75 1349 140 1393 pin
150 1349 345 1392 completa,
358 1348 478 1384 cosila
489 1348 630 1383 lezione
647 1348 706 1382 dei
717 1348 963 1389 manoscrstti,
977 1348 1038 1382 nel
1052 1349 1161 1383 modo
1176 1360 1278 1384 come
1292 1349 1330 1383 fu
1348 1350 1548 1384 emendata

77 1407 139 1441 dal
151 1406 304 1447 Merula,
324 1418 345 1441 a
362 1406 424 1441 noi
440 1406 563 1440 finisce
590 1417 657 1449 per
682 1417 812 1450 parere
839 1406 1126 1441 sehiettamente
1145 1406 1325 1450 plautina.
1340 1406 1411 1441 Cfr.
1426 1420 1458 1442 v.
1477 1409 1546 1442 454

75 1467 172 1498 satin
184 1470 222 1498 tu
234 1476 344 1499 sanus
361 1467 486 1498 mentis
500 1470 561 1498 aut
574 1467 688 1498 animi
714 1467 794 1498 tui?
806 1464 906 1498 Asin.
923 1465 954 1505 3,
975 1465 1005 1505 3,
1020 1466 1065 1499 46
1083 1467 1169 1509 quid
1186 1467 1316 1506 pollent
1333 1468 1546 1510 quidvepos-

74 1527 168 1565 sunt,
182 1522 293 1556 Poen.
308 1523 338 1563 5,
355 1523 386 1561 5,
402 1523 446 1555 47
459 1524 594 1565 qaudeo
612 1528 643 1556 et
660 1524 763 1566 volup
781 1528 830 1556 est
848 1524 944 1563 mihi,
961 1523 1038 1557 Mil.
1053 1525 1084 1563 4,
1103 1524 1136 1565 4,
1151 1524 1171 1557 8
1199 1529 1375 1567 metuoque
1389 1529 1420 1558 et
1432 1527 1544 1559 timeo.

76 1599 119 1604 —
181 1579 258 1614 131.
272 1582 397 1623 impoti
412 1581 430 1615 e
444 1580 628 1624 l'opposto
644 1580 680 1614 di
695 1592 844 1624 compos,
859 1582 922 1615 cfr.
937 1581 1016 1615 Cas.
1036 1582 1102 1616 627
1122 1584 1211 1615 suist
1230 1585 1342 1625 impos
1359 1584 1482 1617 animi.
1501 1600 1544 1604 —

74 1636 161 1672 132.
187 1640 248 1681 qui
268 1651 310 1665 =
333 1649 399 1682 quo
425 1644 580 1681 amento,
601 1638 663 1673 cfr.
686 1638 762 1679 120,
793 1639 857 1672 129
885 1650 902 1673 e
930 1651 964 1673 n.
994 1640 1048 1673 14.
1078 1657 1114 1662 —-
1144 1642 1391 1682 exaedificaret
1419 1638 1432 1652 “
1450 1652 1545 1676 eom-

74 1695 235 1738 pletasse
257 1723 286 1737 ,,,
303 1697 322 1730 e
340 1695 404 1739 qui
421 1696 623 1740 adopera'to
650 1697 998 1735 metaforicamente
1024 1697 1087 1732 nel
1113 1698 1321 1741 significato
1346 1699 1383 1732 di
1414 1696 1426 1710 “
1448 1710 1546 1733 com-

75 1752 197 1796 111οὓ3]
221 1752 389 1787 l'edifizio
408 1767 443 1795 „3
471 1753 535 1796 pin
560 1755 625 1797 gisl
651 1755 713 1789 nel
740 1767 771 1788 v.
802 1756 888 1789 1127
917 1758 1150 1798 exaedificare
1180 1756 1352 1799 equivale
1378 1768 1400 1791 a
1425 1769 1467 1791 ex
1492 1769 1545 1792 ae-

73 1811 176 1844 dibus
200 1813 320 1845 ei'cere.
356 1828 399 1833 -—
436 1813 636 1846 incohatam
662 1814 681 1846 e
707 1812 743 1846 13
783 1813 960 1847 scrittura
989 1814 1192 1857 adoperata
1216 1815 1279 1849 nel
1303 1818 1544 1851 monumento

72 1867 257 1903 Ancirano
295 1879 314 1903 e
351 1868 390 1902 111
417 1869 589 1913 parecchi
619 1870 679 1904 dei
716 1871 948 1905 manoseritti
976 1871 1040 1915 pis]
1067 1871 1207 1907 antichi
1233 1873 1271 1907 (11
1300 1873 1486 1917 Cicerone,
1506 1874 1542 1908 di

72 1925 193 1961 Gellio
208 1937 227 1960 e
242 1926 279 1960 di
294 1926 464 1969 Vlrgilio‚
484 1927 529 1961 ed
542 1929 560 1962 e
575 1928 691 1962 anche
711 1929 889 1972 preferita.
908 1929 968 1963 dal
993 1930 1239 1972 grammatico
1254 1931 1384 1967 Verrio
1401 1932 1543 1974 Flacco,

70 1983 98 2018 il
123 1984 244 2028 quale,
261 1995 362 2019 come
388 1985 580 2029 sappiamo
608 1986 654 2020 da
681 1986 869 2027 Diomede,
885 1999 918 2031 p.
939 1987 1005 2021 365
1026 1988 1079 2029 K„
1100 1988 1259 2024 stimava
1284 1989 1429 2024 doversi
1448 1991 1542 2035 aspi-

70 2053 152 2076 rare
176 2042 338 2077 l'ultima
363 2042 499 2077 sillaba
524 2043 715 2086 (postrema
740 2044 890 2087 syllaba)
917 2045 953 2079 di
979 2048 1131 2081 incohat.
1148 2067 1192 2071 —
1254 2047 1340 2082 133.
1371 2061 1440 2083 non
1466 2051 1542 2083 red-

69 2101 187 2134 derem
215 2098 228 2112 ⁸
256 2112 330 2134 non
356 2101 498 2136 dovevo
539 2101 574 2136 io
615 2102 786 2146 pagargli
818 2131 830 2145 „
868 2104 916 2138 ha
942 2104 1006 2148 qui
1032 2105 1067 2139 lo
1094 2107 1209 2140 stesso
1239 2106 1447 2150 significato
1482 2107 1543 2142 del

68 2168 123 2202 gr.
149 2156 374 2192 ἀποδιδόναι.
400 2178 444 2183 -—
470 2171 539 2193 non
567 2162 733 2194 redderes
763 2159 775 2173 ¹‘
797 2173 871 2197 non
889 2163 1027 2197 avresti
1047 2164 1183 2198 dovuto
1208 2165 1362 2207 pagarlo
1386 2193 1399 2207 „
1429 2165 1542 2209 ripro·

69 2215 161 2251 duce
187 2215 479 2252 enfaticamente
516 2218 554 2252 la
590 2217 778 2253 domanda
803 2220 840 2253 di
867 2221 1033 2261 Callicle,
1060 2233 1078 2256 e
1105 2223 1142 2256 fa
1168 2222 1202 2256 le
1228 2223 1309 2257 veci
1335 2223 1371 2256 di
1397 2235 1439 2256 ne
1464 2226 1542 2258 red-

70 2274 181 2315 deres,
207 2273 272 2308 cfr.
297 2273 428 2309 Pseud.
448 2275 515 2309 437
545 2280 583 2308 tu
609 2288 650 2309 ne
674 2277 812 2319 faceres
837 2279 906 2311 tale
932 2281 969 2312 in
995 2281 1245 2313 adulescentia.
1272 2295 1316 2300 -
1343 2287 1543 2324 neque=et

70 2341 152 2365 non.
169 2351 214 2355 —
231 2343 360 2366 emeres
378 2343 396 2367 e
414 2335 580 2367 venderes
606 2345 694 2368 sono
720 2334 867 2378 imperf.
883 2336 983 2370 della
1001 2339 1118 2371 stessa
1135 2340 1271 2372 natura
1296 2338 1334 2372 di
1359 2341 1542 2374 redderem

69 2400 89 2424 e
114 2391 289 2424 redderes.
315 2408 360 2413 —-
431 2389 519 2426 135.
547 2391 684 2427 Senso:
710 2404 784 2427 non
811 2395 950 2429 avresti
976 2395 1112 2431 dovuto
1147 2396 1267 2440 dargli
1293 2397 1305 2431 i
1330 2398 1443 2432 mezzi
1475 2410 1541 2443 per

67 2447 260 2483 rovinarsi.
290 2466 327 2471 —
379 2448 465 2483 136.
492 2452 774 2485 inconciliastin:
800 2452 827 2485 il
855 2465 895 2486 ne
921 2452 958 2487 in
985 2456 1116 2497 questo
1150 2454 1261 2498 luogo
1288 2455 1336 2490 ha
1360 2456 1387 2490 il
1415 2457 1540 2492 valore

68 2505 106 2540 di
129 2518 256 2549 nonne,
282 2507 345 2541 cfr.
373 2508 450 2542 129.
477 2508 507 2542 Il
535 2520 566 2542 v.
592 2511 825 2544 inconciliare
850 2522 923 2545 non
950 2514 1022 2555 pub
1049 2512 1258 2555 significare
1284 2513 1468 2559 l'opposto
1501 2515 1539 2550 di

68 2566 267 2608 conciliare,
292 2566 439 2610 perch'e,
466 2567 622 2603 secondo
649 2568 686 2603 la
710 2568 834 2614 giusta
861 2570 1114 2606 osservazione
1134 2571 1171 2606 di
1198 2571 1392 2608 Ottofredo
1406 2574 1541 2609 Miiller
