1872 2968
598 125 818 152 ‘rnmvmmvs
840 126 864 157 1,
885 115 919 155 2,
942 102 1119 148 ‘151-171
1323 98 1326 99 ⁷
1553 115 1599 151 33

233 210 379 258 Neque
405 205 796 257 confidentiloquius
823 217 959 256 neque
987 201 1190 256 peiii'irius

233 285 365 330 Quam
393 280 542 322 urbemi
570 280 733 320 adsidui
761 275 887 327 ciues,
917 290 1020 329 quos
1048 277 1218 318 scurra'is
1247 280 1412 318 uocant.
1522 308 1571 331 165

232 359 368 407 Atque
396 353 559 407 egomet
588 367 653 396 me
680 355 784 395 adeo
812 350 907 395 cum
936 354 1018 393 illis
1046 365 1129 394 una
1157 352 1310 394 ibidem
1339 353 1488 393 traho:

231 429 308 477 Qui
337 428 503 468 illorum
532 429 672 468 uerbis
701 425 813 467 felsis
841 425 1038 476 acceptor
1066 427 1137 474 fui,

231 505 308 552 Qui
337 499 473 547 omnia
501 514 545 544 se
572 503 770 541 simulant
797 497 906 541 scire
933 512 1070 551 neque
1095 500 1319 552 quicquem
1339 501 1488 541 sciunt.
1518 503 1596 541 205

230 580 344 627 Quod
373 574 545 628 quisque
573 578 615 616 in
645 577 782 616 animo
812 573 938 615 habet
968 579 1042 615 aut
1070 575 1322 623 habiturust,
1352 576 1514 616 sciunt:

230 650 374 693 Sciunt
401 653 498 702 quid
526 652 569 690 in
596 662 743 691 aurem
773 649 850 690 rex
880 651 1051 701 reginae
1080 646 1256 690 dixerit:
1519 680 1567 704 ,70

229 723 373 767 Sciunt
400 728 505 777 quod
536 729 637 766 Iuno
667 725 890 765 fabulatast
918 722 1013 765 cum
1044 727 1164 766 Ioue:

125 861 324 896 un’ottima
349 861 556 896 correzione
573 860 632 895 del
647 860 780 903 Bergk,
798 860 837 893 in
855 860 966 902 luogo
984 858 1044 893 (181
1070 861 1370 903 mendaciloquius
1388 859 1454 894 che
1471 860 1595 893 hanno

123 919 136 953 i
162 919 291 960 codici,
316 919 343 953 il
369 919 478 963 quale
503 918 617 953 molto
643 917 941 962 probabilmente
967 918 1016 952 ha
1041 917 1164 952 subito
1197 917 1406 951 l’influenza
1431 917 1492 951 del
1517 928 1594 951 con-

122 979 384 1021 fidentiloquius
409 976 508 1011 della
532 976 633 1010 linea
658 977 846 1018 seguente.
873 975 955 1010 Non
980 975 1120 1010 osiamo
1138 975 1175 1009 di
1202 976 1390 1010 escluclere
1416 975 1478 1009 dal
1496 977 1594 1009 testo

124 1037 254 1079 questo
282 1046 396 1078 verso,
422 1046 525 1069 come
551 1034 663 1068 fanno
689 1034 716 1067 il
742 1033 896 1074 Ritschl,
915 1033 942 1067 il
972 1034 1136 1076 Wagner
1161 1044 1180 1068 e
1210 1033 1237 1067 il
1263 1033 1361 1073 Brix,
1387 1033 1441 1068 sol
1459 1033 1595 1077 perche

123 1092 316 1127 introduce
342 1093 381 1126 in
406 1103 526 1126 mezzo
552 1103 573 1126 a
592 1091 838 1135 comparativi
863 1091 901 1125 di
927 1091 1150 1126 formazione
1176 1091 1344 1134 regolare
1371 1091 1441 1125 due
1468 1093 1594 1134 agget·

121 1150 192 1184 tivi
228 1150 294 1184 0118
331 1149 532 1184 diventano
571 1148 816 1192 comparativi
853 1149 907 1184 sol
945 1148 1212 1192 coll’aggiunta
1249 1149 1286 1182 di
1324 1161 1373 1183 un
1398 1151 1522 1192 maffl'S.
1552 1166 1588 1171 —

123 1206 210 1241 201.
235 1209 408 1249 confidens
435 1218 452 1241 e
478 1207 491 1241 i
517 1207 598 1242 suoi
636 1207 797 1241 derivati
823 1218 888 1241 son
913 1217 1057 1250 sempre
1096 1207 1289 1250 adoperati
1314 1207 1375 1240 dai
1401 1206 1504 1249 poeti
1538 1217 1594 1242 co-

121 1264 209 1300 mici
240 1267 279 1298 in
312 1266 443 1298 malam
473 1270 635 1308 partem;
668 1264 826 1308 valgono
865 1262 877 1276 ‘⁴
901 1264 1205 1307 sfacciataggine,
1239 1264 1461 1307 impuclenza
1482 1291 1510 1307 „.
1547 1284 1594 1290 —

117 1325 298 1367 peiit'crius
323 1324 342 1357 8
368 1323 405 1357 13
427 1322 567 1357 18310118
595 1322 655 1357 del
673 1323 929 1366 palimpsesto,
947 1323 985 1356 13
1010 1322 1120 1366 quale
1146 1322 1177 1356 si
1203 1322 1385 1357 riscontra.
1411 1323 1527 1357 anche
1553 1321 1592 1357 in

122 1381 208 1415 altri
232 1380 360 1424 luoghi
386 1381 483 1415 delle
510 1380 715 1416 commedie
742 1381 935 1425 plautine:
960 1380 1013 1424 gli
1033 1380 1122 1414 altri
1148 1392 1233 1415 mss.
1263 1380 1387 1414 11311110
1401 1383 1592 1423 pei-iarius

122 1449 141 1472 e
162 1440 349 1481 peiurius;
376 1438 439 1472 cfr.
460 1441 582 1481 peiero
600 1438 647 1472 da
664 1437 856 1482 *per-iam.
883 1438 952 1472 L'ii
969 1437 1005 1471 di
1021 1439 1202 1481 peimi-ius
1220 1439 1276 1472 sta
1291 1438 1591 1473 evidentemente

121 1507 188 1539 per
223 1498 507 1539 rappresentare
532 1495 560 1529 il
587 1507 700 1530 suono
738 1495 925 1531 intensive
964 1495 1022 1530 del
1044 1497 1066 1539 j
1089 1497 1148 1530 tra
1174 1495 1315 1530 vocali:
1343 1495 1405 1530 cfr.
1431 1495 1466 1530 18
1497 1497 1590 1530 altre

119 1553 234 1596 grafie
260 1553 319 1587 del
345 1553 518 1597 palimps.
544 1556 712 1587 maiiores
738 1553 837 1587 Trin.
864 1554 945 1593 642,
972 1555 1062 1587 eiius
1086 1554 1166 1588 430.
1196 1571 1235 1575 —
1335 1552 1429 1587 202.
1460 1555 1593 1588 urbani

123 1608 137 1623 “
159 1610 334 1654 eleganti,
360 1611 508 1645 educati
534 1611 606 1645 3118
625 1611 858 1645 rasfinatezze
885 1611 987 1645 della
1005 1611 1082 1645 vita
1101 1611 1200 1645 della
1218 1611 1312 1645 cittii
1329 1637 1356 1653 „.
1383 1629 1429 1633 —
1447 1613 1593 1645 adsidui

124 1666 137 1681 ⁸
160 1668 295 1703 curiosi
316 1696 329 1711 „
358 1669 424 1703 che
450 1669 481 1703 si
507 1680 694 1713 occupano
720 1669 908 1709 (adsident)
935 1669 995 1704 dei
1020 1669 1107 1704 fatti
1134 1668 1257 1704 altrui.
1285 1686 1327 1691 —
1354 1681 1485 1703 scm-ra
1517 1681 1592 1704 non

114 1726 169 1759 ‘ha
185 1725 224 1759 in
242 1726 373 1761 Plauto
391 1726 419 1760 il
436 1726 644 1770 significato
671 1727 708 1760 di
738 1725 751 1738 “
773 1727 921 1761 buffone
943 1755 955 1768 „
986 1738 1005 1761 e
1032 1727 1070 1760 di
1100 1725 1113 1738 ⁴‘
1135 1727 1319 1770 parassita
1340 1754 1367 1769 „,
1394 1727 1460 1761 che
1475 1727 1511 1761 vi
1530 1738 1590 1762 an-

119 1784 273 1817 nettono
288 1785 570 1818 comunemente
584 1783 757 1819 Cicerone
770 1785 816 1819 ed
828 1784 973 1824 Orazio;
994 1796 1054 1818 1113
1068 1784 1191 1818 indica
1201 1784 1236 1819 lo
1251 1784 1458 1819 zerbinotto
1470 1785 1590 1820 ozioso

120 1840 165 1874 ed
191 1840 373 1884 elegante,
401 1842 467 1876 che
493 1853 651 1885 passava
670 1842 705 1876 13
731 1842 809 1877 vita
836 1842 893 1876 sul
922 1844 1098 1884 mercato,
1123 1842 1186 1876 nei
1210 1842 1371 1886 ginnasi,
1389 1842 1450 1877 nei
1476 1843 1592 1887 bagni

119 1908 138 1932 e
156 1897 195 1931 in
211 1898 298 1932 alt-ri
324 1898 450 1942 luoghi
475 1900 714 1943 frequentati,
741 1901 912 1934 andando
939 1912 960 1934 a
986 1900 1109 1935 030013
1135 1900 1172 1934 (11
1197 1900 1325 1935 novitii
1352 1911 1370 1935 e
1397 1900 1590 1944 tagliando

117 1954 130 1988 i
157 1955 271 1998 panni
289 1956 442 1991 addosso
467 1956 542 1991 alla
570 1959 702 2000 gente;
729 1957 792 1992 cfr.
812 1958 919 1992 Most.
937 1959 966 1999 1,
986 1959 1016 2001 1,
1040 1959 1082 1992 14
1114 1959 1328 1992 inurbanus
1344 1970 1424 1993 vero
1449 1970 1590 2000 scm-ra,

117 2014 262 2047 deliciae
282 2015 394 2057 popli,
420 2026 484 2048 rus
510 2015 598 2048 mihi
622 2020 659 2048 ίιι
685 2016 858 2049 obiectas?
882 2014 988 2059 Epid.
1021 2017 1051 2057 1,
1080 2017 1110 2058 1,
1139 2016 1192 2050 13.
1213 2033 1254 2038 —
1329 2015 1424 2051 203.
1450 2018 1590 2060 ibidem,

117 2071 180 2105 cfr.
206 2071 284 2112 412,
299 2071 392 2106 dove
422 2073 441 2106 8
468 2072 670 2115 adoperata
688 2072 725 2107 13
742 2075 860 2107 stessa
885 2073 1060 2117 quantita
1086 2085 1105 2108 e
1132 2073 1168 2107 13
1195 2076 1313 2108 stessa
1338 2074 1435 2108 frase
1462 2076 1590 2108 ibidem

116 2141 189 2162 uua
214 2130 318 2163 traho
347 2126 360 2140 ‘⁶
381 2128 433 2163 mi
459 2132 576 2164 metto
603 2131 638 2164 al
664 2130 741 2165 loro
768 2132 884 2166 stesso
911 2130 1038 2166 livello
1062 2159 1089 2174 „.
1117 2149 1160 2153 —-
1258 2131 1353 2165 204.
1387 2133 1533 2166 illorum
1558 2131 1590 2166 si

116 2186 261 2230 collega
287 2186 343 2221 col
368 2189 429 2230 qui
454 2187 520 2222 che
547 2187 632 2222 vien
657 2187 764 2232 dopo.
792 2205 836 2210 —
913 2188 1008 2223 206.
1035 2191 1145 2230 habet,
1173 2201 1275 2224 come
1303 2195 1373 2233 esset
1398 2189 1487 2230 330;
1524 2189 1588 2224 cfr.

115 2244 255 2279 Introd.
268 2244 372 2288 Caph.
389 2245 552 2280 XXXVI.
568 2263 611 2267 —
625 2247 743 2280 sciunt
767 2260 811 2273 =
835 2258 871 2280 se
885 2249 977 2281 scire
990 2249 1172 2288 simulant,
1192 2258 1294 2282 come
1315 2247 1376 2281 nel
1395 2259 1426 2281 V.
1445 2247 1524 2282 221.
1543 2267 1589 2273 -

118 2301 213 2336 207.
238 2304 334 2346 quid,
360 2313 426 2346 per
450 2305 489 2337 id
512 2306 603 2347 quod
629 2303 689 2338 dei
715 2304 832 2345 codd„
847 2305 1002 2340 secondo
1028 2305 1317 2340 l‘emendazione
1332 2307 1509 2350 proposta
1527 2305 1588 2341 dal

115 2360 203 2395 Reiz
228 2372 247 2396 e
273 2363 460 2396 accetta'ca
485 2362 787 2396 dall'Hermann.
814 2380 856 2385 —
885 2375 950 2397 rex
977 2365 1120 2405 reginae
1137 2363 1222 2398 vien
1247 2363 1391 2398 riferito
1418 2374 1586 2399 comune-

115 2420 241 2453 mente
266 2418 454 2460 31Γᾶρχων
478 2420 643 2460 βασιλεύς
669 2431 688 2455 8
714 2420 789 2455 3113
815 2418 1010 2462 βασίλιννα,
1036 2421 1102 2455 0118
1129 2421 1159 2455 si
1186 2433 1392 2465 sposavano
1418 2421 1587 2457 mistica-

114 2478 239 2511 mente
264 2476 366 2511 118113
390 2477 486 2512 festa.
511 2477 609 2512 delle
635 2478 886 2513 Anthesterie.
913 2479 974 2512 Ma
992 2480 1011 2513 8
1029 2479 1145 2514 molto
1171 2479 1236 2523 piu
1261 2480 1455 2524 probabile
1470 2480 1537 2515 che
1555 2492 1587 2515 ει

113 2535 221 2570 tratti
246 2535 284 2569 di
309 2535 603 2580 un'espressione
629 2537 876 2581 proverbiale,
902 2549 1011 2572 senza
1035 2537 1217 2574 allusione
1244 2539 1381 2573 storica
1413 2538 1586 2574 determi-

93 2594 214 2634 nata,
241 2593 304 2628 cfr.
330 2593 456 2635 Stich„
484 2594 549 2628 133
575 2606 657 2629 suos
683 2607 748 2629 rex
773 2598 916 2638 reyinae
930 2597 1080 2639 placeat.
1107 2614 1150 2619 —
1235 2595 1331 2631 208.
1357 2599 1472 2631 sciunt
1497 2599 1588 2641 quod

183 2670 219 2697 E.
242 2670 389 2706 Coccum,
410 2671 519 2699 Plauti
542 2672 748 2700 Trinummas.
1497 2674 1514 2702 3
