1818 2973
221 87 265 122 42
808 103 848 127 M.
873 102 952 127 Acer
976 102 1108 128 ΡιΑυΤι

221 180 326 218 Nam
356 180 424 230 qui
453 173 494 220 in
525 191 710 222 amorem
739 177 1043 232 praecipitauit.
1065 177 1181 232 peifis
1211 181 1320 233 per‘l't
1348 183 1464 233 quasi
1494 181 1598 224 saxo
1626 195 1690 224 sa·

1414 256 1501 296 liat.
1609 259 1688 296 265

326 311 469 378 Apage
498 330 550 375 te,
579 323 644 375 εἰς,
675 337 811 366 amor:
844 325 937 367 tues
964 338 1034 368 res
1061 328 1134 368 tibi
1167 326 1332 370 habeto.

325 386 464 450 Amor,
492 399 652 441 amicas
681 401 782 441 mihi
813 399 866 442 ne
894 402 986 442 suas
1013 399 1237 453 &mquamz

326 474 431 516 Sl'mt
459 480 597 516 tamen
628 474 727 526 quos
754 480 889 517 nimis
917 472 1069 518 misere
1098 479 1290 529 maleque
1309 478 1477 528 hhbeas,

325 550 434 598 Quos
462 552 535 590 tibi
564 549 762 591 obnoxios
789 550 916 599 fdcz'le
945 547 1090 592 fecisti.

327 623 448 665 Certa
479 637 548 665 res
576 624 638 665 est
667 627 717 665 ad
748 627 911 677 frugem
941 625 1156 678 {adplicare
1185 627 1394 669 enimum:
1613 631 1691 670 270

324 699 583 751 Quemquam
614 700 668 741 ibi
696 700 867 752 grandis
895 702 1034 742 animo
1062 703 1175 743 labos
1203 702 1390 754 capitur:

1630 735 1663 758 35

324 775 425 816 Boni
453 777 528 816 sibi
558 777 665 817 haec
693 774 908 827 expetunt,
938 775 1041 826 rem,
1073 778 1207 826 fidem,
1235 781 1241 829 Ι
1267 778 1481 828 honorem,

324 850 508 892 Gloriam
538 855 580 893 et
607 851 807 903 gretiam:
832 855 837 900 Ι
865 851 945 892 hot:
973 854 1112 903 probis
1141 852 1374 904 pretiumst.

324 926 379 967 Εό
407 927 509 966 mihi
540 925 671 978 megis
700 928 815 967 lubet
843 923 937 966 clim
969 928 1108 977 probis
1137 927 1273 978 potius
1301 940 1425 978 quam

532 1004 635 1041 Cum
664 997 863 1052 improbis
892 997 1040 1043 uiuere
1069 998 1287 1043 uanidicis.
1404 1058 1409 1062 ι
1612 1008 1690 1046 275

218 1125 314 1160 265.
340 1127 453 1170 quasi,
471 1136 537 1169 per
562 1136 667 1169 quam
687 1126 763 1168 si‚e
788 1124 1083 1168 un'espressione
1109 1125 1170 1160 del
1195 1125 1313 1160 latino
1339 1125 1495 1170 areaieo,
1520 1127 1558 1162 la
1579 1128 1691 1172 quale

217 1184 247 1218 si
281 1185 372 1218 nota
408 1195 544 1218 ancora
580 1183 620 1217 in
657 1184 807 1227 quattro
846 1183 933 1218 altri
967 1183 1095 1226 luoghi
1133 1183 1231 1218 delle
1269 1185 1473 1219 commedio
1510 1185 1690 1229 plautine,

217 1243 301 1276 Aul.
327 1242 359 1282 2,
386 1242 418 1283 2,
445 1242 512 1285 54;
538 1241 616 1275 Mil.
643 1242 675 1282 2,
701 1242 732 1283 6,
760 1242 803 1282 2;
831 1241 936 1275 Truc.
964 1241 995 1283 2,
1023 1241 1054 1283 3,
1081 1242 1148 1284 20,-
1175 1241 1278 1277 Curc.
1299 1243 1454 1284 1,1,51.
1475 1263 1511 1268 —
1540 1255 1691 1277 saoeo=

217 1302 258 1334 de
282 1312 380 1334 saxo.
406 1299 716 1334 Evidentemente
743 1299 807 1343 qui
834 1299 864 1333 si
891 1299 1014 1334 allude
1041 1299 1076 1333 al
1103 1299 1198 1334 salto
1229 1300 1331 1334 dalla
1363 1312 1454 1344 rupe
1480 1301 1636 1345 Tarpea,
1668 1313 1691 1336 a

217 1358 276 1392 eui
303 1358 351 1392 fin
377 1357 438 1392 dai
462 1357 574 1402 primi
601 1356 714 1392 secoli
751 1357 788 1391 di
827 1357 945 1392 Roma
981 1357 1112 1392 furono
1146 1358 1373 1392 condamnati
1397 1358 1411 1392 i
1435 1358 1620 1394 traditori.
1645 1376 1691 1382 -

212 1417 468 1460 praecipitare,
506 1415 545 1449 in
580 1426 686 1449 senso
724 1417 868 1455 neutro,
907 1415 934 1449 s'
948 1415 1121 1450 incontra
1155 1427 1291 1451 ancora
1326 1416 1366 1450 in
1403 1416 1581 1453 Cicerone
1607 1428 1627 1452 e
1651 1416 1691 1452 in

217 1473 362 1514 Cesare,
388 1484 407 1508 e
435 1474 644 1516 sopratutto
670 1472 709 1506 in
735 1473 774 1506 T.
801 1472 916 1507 Livio.
947 1490 987 1494 —
1086 1472 1279 1525 2665th
1305 1476 1445 1517 quanto
1475 1474 1691 1519 all’espres·

217 1532 320 1567 sione
348 1544 379 1566 V.
406 1531 485 1566 258.
512 1548 555 1553 --
581 1532 735 1565 sis=si
759 1533 822 1564 vis.
850 1548 892 1552 —
919 1536 1000 1564 tuas
1034 1543 1092 1565 res
1123 1532 1187 1565 tibi
1218 1532 1338 1566 habeto
1376 1533 1395 1566 e
1432 1532 1494 1567 un‘
1507 1532 1690 1568 allusione

217 1590 316 1625 assai
355 1589 496 1625 comica
534 1600 552 1623 e
590 1588 691 1623 bella
729 1588 803 1623 alla
840 1588 936 1623 frase
975 1589 1177 1632 adoperata
1213 1589 1274 1624 nei
1312 1589 1449 1625 divorzi
1485 1588 1691 1632 (divortium

218 1649 300 1683 Aul.
326 1648 358 1689 2,
385 1648 418 1689 2,
445 1648 523 1688 56)’;
552 1647 616 1682 cfr.
643 1647 775 1691 Amph.
803 1647 834 1687 3,
861 1647 893 1687 2,
918 1647 961 1681 47
990 1649 1117 1688 valeas
1144 1649 1208 1681 tibi
1231 1648 1360 1681 habeas
1377 1660 1434 1682 res
1451 1653 1542 1692 tuas,
1559 1651 1691 1683 reddas

218 1719 323 1741 meas.
341 1726 386 1731 ——
494 1705 589 1739 267.
615 1706 710 1747 fuas,
737 1717 841 1749 cong.
869 1707 1106 1746 arc.,=sies‚
1142 1705 1205 1739 cfr.
1240 1717 1272 1739 v.
1305 1706 1383 1740 594.
1411 1722 1454 1728 —-
1479 1718 1646 1750 umquam
1670 1707 1690 1741 e

218 1776 360 1800 omesso
387 1764 447 1798 dal
473 1764 646 1808 palimps.
674 1784 718 1787 —
754 1766 879 1797 misere
905 1774 972 1806 per
997 1765 1145 1797 miseros
1170 1763 1237 1798 che
1263 1763 1294 1797 si
1319 1763 1428 1807 legge
1453 1763 1516 1798 nei
1541 1764 1647 1799 codd.
1671 1775 1691 1799 e

218 1824 285 1858 che
312 1823 491 1866 potrebbe
518 1833 638 1856 essere
676 1820 903 1864 giustificato
941 1824 1095 1855 accanto
1134 1832 1155 1855 a
1192 1823 1282 1855 male
1319 1832 1387 1857 con
1424 1821 1512 1856 altri
1550 1821 1691 1866 esempi

218 1880 392 1926 plautini,
420 1881 483 1914 cfr.
510 1880 640 1914 Bacch.
672 1880 741 1913 474
776 1880 1006 1913 Pistoclerum
1031 1880 1126 1921 falso
1156 1884 1256 1922 atque
1286 1882 1458 1913 insontem
1483 1882 1621 1923 arquis.
1645 1899 1690 1904 —

219 1938 314 1973 269.
341 1950 426 1982 quos
451 1939 514 1972 tibi
537 1939 654 1980 fecisti
679 1939 698 1972 'e
724 1949 799 1971 una
823 1937 1079 1981 proposizione
1105 1937 1352 1971 dichiarativa
1377 1937 1436 1971 del
1462 1939 1634 1981 soggetto
1652 1937 1691 1971 di
1712 1986 1718 1990 Δ

218 2003 311 2033 sunt.
338 2016 382 2021 —
479 1995 573 2029 270.
600 2001 696 2029 certa
724 2007 781 2029 res
805 2000 855 2028 est
879 2005 945 2038 per
971 2000 1100 2028 certast
1125 2007 1182 2028 res
1207 1994 1267 2028 del
1293 1994 1536 2038 palimpsesto
1562 1995 1690 2037 ambr„

217 2060 407 2090 :certum
432 2059 492 2095 est,
518 2056 692 2088 decretum
718 2059 768 2087 est
798 2051 810 2065 “
829 2053 876 2088 ho
902 2053 1026 2087 deciso
1045 2079 1073 2095 „,
1101 2052 1163 2087 cfr.
1190 2053 1268 2087 Mil.
1294 2053 1361 2088 267
1388 2064 1446 2087 res
1457 2059 1639 2097 paratast,
1657 2056 1692 2088 vi

212 2114 474 2157 puynandoque
499 2113 673 2146 hominem
699 2123 822 2155 capere
847 2116 898 2146 est
911 2116 1007 2145 certa
1025 2122 1092 2145 res.
1110 2131 1153 2135 —
1173 2113 1221 2145 ad
1237 2112 1388 2154 frchem,
1407 2111 1470 2145 cfr.
1495 2123 1530 2146 n.
1550 2111 1627 2147 118.
1647 2129 1690 2135 -·

220 2171 306 2206 271.
331 2173 451 2206 animo
476 2172 496 2205 e
522 2181 666 2205 omesso
693 2169 753 2203 dal
779 2168 1034 2213 palimpsesto,
1062 2169 1107 2203 ed
1132 2171 1151 2204 e
1178 2169 1410 2204 considerato
1429 2169 1489 2204 dal
1509 2169 1652 2204 Ritschl
1671 2181 1690 2205 e

219 2230 280 2264 dal
307 2230 470 2273 Wagner
502 2239 606 2263 come
643 2239 717 2262 una
754 2228 878 2271 glossa
915 2227 954 2261 in
991 2227 1082 2261 tutti
1118 2226 1171 2270 gli
1207 2227 1294 2262 altri
1328 2227 1447 2262 codici
1480 2228 1546 2262 che
1580 2239 1620 2263 ce
1654 2228 1690 2263 10

219 2289 353 2322 denno.
380 2307 424 2312 ——
474 2285 570 2320 272.
597 2288 686 2326 boni,
714 2286 777 2320 cfr.
804 2286 941 2320 Introd.
970 2285 1075 2330 capt.
1093 2285 1256 2327 XXXIV,
1287 2283 1300 2298 “
1317 2285 1355 2320 la
1370 2287 1484 2329 gente
1500 2296 1568 2329 per
1583 2285 1690 2328 bene,

219 2346 257 2380 di
282 2346 404 2380 buona
428 2344 599 2388 famiglia
614 2371 642 2387 „.
680 2364 725 2368 —
761 2356 836 2378 rem
865 2342 878 2356 “
897 2345 1064 2378 sostanze
1086 2370 1114 2386 „.
1156 2363 1193 2369 —
1232 2345 1336 2386 fidem
1365 2341 1378 2356 '¹
1397 2344 1538 2379 credito
1556 2357 1590 2387 „t
1615 2355 1691 2380 non

219 2403 315 2439 elide
341 2403 378 2437 la
404 2403 538 2437 sillaba
561 2402 672 2437 finale
698 2413 765 2446 per
789 2402 878 2437 iato.
901 2419 937 2424 —
959 2403 1123 2435 honorem
1154 2398 1167 2413 ‘⁴
1185 2401 1374 2445 prestigio,
1400 2401 1584 2436 influenza
1604 2429 1630 2445 „.
1646 2419 1690 2425 -

219 2460 314 2495 273.
342 2461 468 2495 Anche
494 2461 534 2494 in
559 2463 691 2504 questo
717 2471 822 2495 verso
861 2459 894 2494 ci
931 2461 951 2494 e
989 2459 1066 2494 iato
1104 2459 1200 2503 dopo
1231 2461 1399 2503 qratiam,
1427 2460 1506 2494 cioe
1532 2460 1628 2504 dopo
1653 2459 1691 2495 la
1724 2485 1731 2489 -

218 2530 348 2554 eesura
361 2519 421 2554 del
434 2521 656 2554 tetrametro
670 2518 881 2554 bacehiaeo.
901 2523 944 2546 ²2·
960 2519 1114 2560 pretium
1137 2515 1150 2529 ‘⁴
1162 2517 1396 2562 ricompensa
1408 2545 1436 2560 „‚
1455 2517 1519 2553 cfr.
1538 2517 1643 2562 Capt.
1657 2518 1691 2561 5,

219 2579 250 2621 1,
276 2577 332 2614 20.
357 2597 402 2603 --—
523 2576 617 2611 274.
644 2589 681 2612 eo
706 2579 726 2612 e
752 2575 1010 2613 monosillabo.
1035 2592 1081 2598 —
1107 2578 1228 2620 potius
1253 2587 1326 2611 non
1351 2577 1371 2611 e
1396 2587 1446 2610 un
1471 2575 1688 2620 pleonasmo
