1818 2973
466 45 518 52 ...ι

585 108 805 135 mmvmtvs
827 108 878 137 m,
900 97 935 140 3,
956 96 1090 132 32-58
1527 94 1574 130 99

3 168 5 173 ¹
59 185 61 187 θ
103 198 186 238 ΜΕ.
214 170 337 242 Quasi
364 190 418 233 ad
446 191 758 232 adulescentem
785 187 811 230 a
839 190 962 240 patre
990 198 1046 228 ex
1074 181 1268 227 Seleucia

208 267 371 315 Veniat,
401 268 579 307 salutem
609 266 646 306 ei
675 261 840 305 nuntiet
867 258 1010 304 uerbis
1038 261 1189 313 patris:

209 341 332 384 Illum
359 343 465 383 hene
493 351 644 393 gerere
672 351 762 381 rem
791 338 833 380 et
861 339 1007 379 ualere
1035 340 1078 378 et
1106 332 1255 377 uiuere

209 422 260 459 Et
287 415 382 459 eum
410 418 647 458 rediturum
675 411 878 455 actutum.
931 414 1042 454 ferat
1069 407 1271 465 epistulas
1512 437 1546 460 ⁴⁵

209 496 344 534 Duas:
373 491 443 533 eas
471 503 545 532 nos
572 488 873 541 consignemus
903 488 1021 539 quasi
1049 488 1131 528 sint
1159 486 1184 528 a
1212 488 1345 538 patre.
1494 485 1573 523 775

210 571 286 609 Det
312 567 489 609 alteram
518 566 589 614 illi,
614 565 622 618 1
645 564 822 606 alteram
852 562 964 604 dicat
991 563 1065 603 tibi

210 647 318 684 Dare
345 640 433 683 sese
461 643 584 682 uelle.
639 633 710 681 CA.
738 638 872 690 Perge
901 650 1026 690 porro
1055 634 1208 678 dicere.

108 722 189 760 ΜΕ.
217 721 351 769 Seque
379 714 530 758 aurum
558 717 672 756 ferre
700 711 856 766 uirgini
884 715 1020 755 dotem
1050 712 1075 753 a
1104 715 1225 764 patre

209 791 328 834 Dicat
356 795 602 844 patremque
628 791 669 830 id
698 787 864 830 iussisse
891 800 1042 830 aurum
1071 784 1145 828 tibi
1174 789 1289 828 dare.
1515 815 1548 839 50

210 865 344 909 Tenes
372 869 484 907 iam?
538 868 612 907 CA.
640 861 958 917 Propemodum,
979 863 1105 915 atque
1126 863 1316 904 ausculto
1337 856 1575 913 perlubens.

1494 934 1574 972 780

110 1017 191 1056 ΜΕ.
219 1017 325 1055 Tum
353 1017 399 1055 tu
426 1011 557 1066 igitur
584 1015 749 1055 demum
774 1013 782 1066 Ι
806 1012 1063 1054 adulescenti
1093 1009 1245 1051 aurum
1275 1010 1401 1056 dahis,

212 1089 291 1130 Vbi
318 1085 400 1130 erit
428 1090 563 1130 locata
592 1085 712 1140 uirgo
741 1088 783 1127 in
812 1086 1136 1127 matrimonium.

105 1166 178 1204 CA.
206 1164 317 1204 Scite
343 1163 489 1204 hercle
517 1175 628 1203 sane.
684 1165 765 1203 ME.
794 1164 892 1210 Hoc,
922 1158 993 1202 ubi
1022 1162 1300 1202 thensaurum
1329 1158 1547 1206 effoderis,

211 1233 496 1289 Suspicionem
524 1239 576 1278 ab
605 1237 876 1278 adulescente
904 1235 1127 1277 amoueris.
1517 1263 1550 1286 55

198 1312 403 1354 *censebit
429 1325 581 1353 aurum
610 1324 699 1354 esse
728 1312 753 1354 a
782 1315 902 1364 patre
931 1308 1117 1352 adlatum
1147 1312 1242 1351 tibi:
1497 1309 1576 1348 785

211 1390 275 1427 Tu
303 1386 354 1428 de
381 1389 611 1429 thensauro
639 1385 789 1429 sumes.
844 1390 917 1428 CA.
945 1388 1054 1428 Satis
1082 1387 1185 1427 scite
1212 1384 1255 1426 et
1284 1386 1434 1437 probe:

213 1465 472 1515 Quamquam
500 1463 580 1504 hoc
607 1476 674 1504 me
700 1464 851 1504 aetatis
878 1457 1177 1513 sucophantari
1207 1462 1348 1513 pudet.

111 1587 126 1603 ‘
146 1590 377 1633 baldanzoso‚
403 1592 621 1636 impudente
645 1621 672 1636 ,‚
700 1593 763 1628 cfr.
790 1606 822 1627 v.
849 1593 928 1628 201.
953 1610 999 1615 —-
1096 1591 1190 1626 772.
1217 1593 1331 1626 verbis
1350 1593 1474 1636 patris
1502 1587 1516 1603 ⁴⁴
1538 1589 1577 1624 in

106 1660 215 1683 nome
241 1649 301 1684 del
326 1649 440 1694 padre
463 1678 490 1692 ,,.
516 1666 561 1671 -
636 1650 730 1685 774.
757 1657 913 1685 actutum
942 1649 955 1663 ⁸
977 1650 1084 1695 quasi
1109 1650 1456 1685 immediatamente
1478 1675 1506 1692 ‚.
1531 1664 1576 1668 —

109 1705 203 1741 775.
230 1709 320 1742 duas
345 1710 364 1743 e
390 1708 636 1744 monosillabo
654 1720 720 1753 per
745 1709 904 1744 sinizesi.
927 1727 962 1731 —
1003 1708 1096 1743 776.
1114 1710 1178 1750 illi,
1197 1708 1273 1743 scil.
1293 1709 1494 1749 Lesbonico,
1509 1718 1577 1742 con

106 1764 195 1799 iato.
213 1782 259 1788 —
308 1765 402 1800 779.
417 1769 504 1800 dare
523 1769 542 1801 e
561 1768 668 1802 modo
686 1767 836 1812 proprio
855 1767 955 1802 della.
972 1767 1128 1812 parlaia,
1148 1766 1246 1801 assai
1271 1766 1336 1810 pin
1362 1765 1539 1810 semplice
1558 1775 1577 1800 e

107 1824 260 1859 comodo
286 1823 522 1860 dell'infinito
549 1825 696 1869 passivo
715 1825 891 1866 dari‚che
910 1825 1189 1860 richiederebbe
1215 1826 1252 1859 la
1276 1835 1387 1868 prosa.
1412 1823 1577 1858 classica.

110 1901 151 1907 —
203 1880 297 1917 780.
320 1885 573 1926 propemodum
599 1885 618 1918 'e
644 1883 681 1918 la.
705 1884 825 1919 forma
861 1886 968 1918 usata
1004 1883 1284 1927 generalmente
1310 1883 1358 1917 da.
1382 1882 1538 1917 Plauto:
1564 1881 1577 1916 i

108 1951 214 1974 mscr.
239 1940 362 1976 hanno
388 1940 426 1975 in
452 1946 583 1985 questo
610 1941 753 1985 singolo
779 1941 901 1986 luogo,
933 1941 1039 1985 quasi
1077 1942 1305 1976 certamente
1338 1951 1405 1985 per
1441 1950 1576 1981 errore,

104 1999 318 2041 propemodo
343 1998 604 2041 sull‘analogia
628 1999 665 2033 di
688 1988 869 2043 postmodo
896 1999 971 2038 (cfr.
998 2011 1030 2033 v.
1057 1999 1148 2038 386).
1174 2016 1221 2021 —
1305 1997 1390 2032 781.
1416 1999 1576 2032 demum:

107 2056 270 2090 tenendo
289 2058 396 2091 conto
413 2057 513 2092 della
529 2060 619 2092 nota
637 2057 871 2093 oscillazione
890 2060 949 2092 tra
966 2069 1087 2095 versus
1103 2069 1249 2099 versum,
1268 2068 1399 2091 rursus
1418 2067 1576 2097 rursum,

102 2125 260 2157 prorsus
299 2126 492 2157 prorsum,
529 2114 557 2148 il
595 2115 709 2156 Koch,
746 2127 813 2159 per
858 2116 980 2150 evitar
1027 2116 1139 2155 siato,
1179 2114 1435 2150 sull'autorita
1476 2113 1577 2148 della

107 2170 232 2214 glossa
251 2171 288 2206 di
306 2172 414 2207 Festo
432 2184 467 2216 p.
495 2172 550 2213 70,
575 2172 597 2206 8
627 2170 640 2184 ⁸
670 2173 845 2207 demum
871 2173 969 2216 quod
995 2173 1183 2217 significat
1213 2171 1225 2185 ⁸
1247 2175 1331 2217 post
1353 2200 1366 2214 ‚
1396 2171 1495 2215 apud
1519 2171 1576 2205 Li·

108 2228 210 2264 vium
234 2227 513 2270 (Andronicum)
551 2230 707 2265 demus
743 2230 883 2274 legitur
904 2257 932 2273 ‚,
958 2231 1152 2266 introduce
1180 2231 1243 2274 qui
1276 2233 1417 2264 demus:
1455 2231 1577 2263 demus

107 2297 176 2330 per
199 2290 336 2323 demum
361 2290 381 2323 e
407 2289 493 2323 dato
520 2289 581 2323 dai
606 2289 676 2323 due
703 2289 821 2324 codici
847 2289 906 2323 del
933 2289 1143 2324 Camerario
1170 2300 1189 2324 e
1215 2288 1502 2323 dall'Orsiniano
1535 2286 1576 2322 in

111 2344 216 2381 Truc.
240 2347 272 2389 2,
301 2347 331 2388 1,
358 2347 413 2383 34.
444 2367 479 2372 -
510 2348 734 2389 adulescenti,
761 2347 839 2382 eio¹e
866 2358 887 2381 a.
904 2347 1118 2387 Lesbonico,
1133 2347 1160 2381 il
1187 2347 1308 2391 quale,
1333 2346 1576 2382 nell'assenza

109 2403 170 2438 del
188 2405 315 2448 padre,
328 2405 489 2449 fungeva
506 2406 553 2440 da
571 2416 662 2449 capo
677 2405 714 2440 di
732 2405 903 2448 famiglia
922 2417 940 2440 e
958 2405 1101 2440 doveva
1125 2416 1330 2449 consegnar
1346 2405 1384 2440 la
1400 2405 1485 2440 dote
1500 2405 1574 2441 allo

109 2474 229 2507 sposo.
258 2480 296 2486 -
349 2462 442 2498 783.
468 2465 531 2499 hoc
617 2465 682 2498 hac
707 2476 756 2499 re.
783 2484 828 2489 -
870 2463 965 2498 784.
983 2466 1218 2507 suspicionem
1235 2464 1284 2499 ha,
1301 2475 1406 2500 senso
1432 2464 1574 2499 attivo:

107 2532 180 2556 non
207 2521 311 2556 darai
338 2533 456 2558 mezzo
491 2522 526 2557 al
560 2523 719 2567 giovane
757 2522 795 2557 di
832 2522 1073 2567 concepire
1116 2523 1247 2558 alcun
1288 2524 1503 2567 sospetto.
1529 2542 1575 2548 —

108 2579 204 2614 737.
228 2581 291 2616 hoc
316 2582 335 2616 e
361 2592 451 2623 acc.;
479 2581 543 2616 cfr.
569 2579 619 2624 id,
645 2585 735 2616 istuc
760 2584 896 2624 aetatis,
923 2582 986 2616 hoc
1011 2584 1122 2617 noctis
1147 2581 1246 2617 Pers.
1273 2581 1305 2625 2,
1331 2582 1365 2625 4,
1390 2582 1422 2616 5.
1449 2599 1493 2605 -
1518 2593 1575 2616 su·
1598 2627 1601 2630 Ι
