1818 2973
541 103 760 132 ‘ramvmuvs
782 105 833 138 ιιι,
859 94 890 135 1,
913 94 1046 136 9-25;
1069 93 1102 136 2,
1127 90 1145 129 1
1529 92 1574 131 83

207 184 286 230 Sed
313 197 516 240 generum
545 190 734 228 nostrum
761 181 825 227 ire
853 188 1049 228 eccillum
1076 180 1199 226 uideo
1218 195 1313 226 cum
1334 182 1463 225 adfini
1482 197 1570 227 suo.

207 261 455 314 Nescioquid
485 274 567 304 non
595 260 696 302 setis
723 263 834 302 inter
861 273 932 302 eos
961 259 1178 301 conuenit:
1208 254 1338 301 celeri
1365 260 1500 311 gradu

209 336 317 379 Eunt
345 341 541 389 uterque:
570 335 641 378 ille
668 333 1087 388 reprehendithunc
1115 335 1299 387 priorem
1319 332 1465 386 pollio:

207 410 327 454 Haud
369 413 639 454 ineuscheme
670 410 909 453 institerunt.
977 407 1063 451 huc
1106 412 1368 462 aliquantum
1407 407 1572 450 absces-

1273 496 1387 526 sero:
1494 487 1573 524 625

209 556 278 604 [ζει
305 564 445 604 lubido
472 561 703 604 oretionem
731 556 880 602 audire
908 562 1087 601 duorum
1116 556 1333 601 adfinium.
1512 588 1546 612 ,5

388 749 646 790 LVSITELES.
701 749 982 789 LESBONICVS.
1037 750 1271 789 STAsmvs.

102 898 178 938 Lv.
206 898 278 936 Sta
306 890 421 936 ilico:
450 896 533 936 noli
561 893 753 936 &uorsari
782 893 919 946 neque
946 898 988 936 te
1017 890 1260 936 occultassis
1289 893 1405 934 mihi.

103 1072 209 1112 omni,
225 1069 288 1104 cfr.
302 1081 336 1104 n.
352 1069 421 1104 328
436 1080 454 1104 e
470 1068 607 1104 Introd.
625 1069 729 1113 Capt.
747 1068 947 1104 XXXVIII.
961 1085 1005 1092 -
1041 1067 1135 1103 622.
1149 1080 1327 1112 yenerum,
1342 1068 1420 1104 scil.
1434 1069 1571 1104 Lusite-

102 1129 178 1162 lem.
204 1147 249 1152 —
274 1129 441 1169 eccillum,
470 1127 532 1161 cfr.
558 1139 594 1161 n.
621 1127 699 1161 386.
719 1147 761 1151 —
782 1129 903 1169 adfini,
923 1126 1000 1161 scil.
1018 1127 1220 1162 Lesbonico.
1240 1147 1285 1151 —
1334 1126 1430 1162 623.
1456 1129 1572 1162 nescio

101 1186 187 1228 quid
214 1181 228 1198 ⁸
249 1196 299 1219 un
316 1196 390 1220 non
416 1196 455 1219 so
475 1185 553 1225 che,
576 1185 733 1228 qualche
753 1195 838 1219 cosa
859 1211 872 1227 „
901 1184 938 1218 fa
956 1185 1003 1218 da
1021 1187 1193 1228 soggetto
1211 1196 1233 1219 a
1247 1187 1414 1218 convenit.
1433 1186 1570 1226 Nescio,

101 1242 249 1286 quando
268 1244 287 1277 e
306 1242 508 1286 adoperato
525 1242 573 1276 da
590 1242 668 1277 solo
688 1253 821 1277 eeome
840 1242 950 1277 verbo
969 1242 1250 1286 indipendente,
1270 1244 1289 1277 e
1304 1241 1411 1286 quasi
1424 1253 1570 1286 sempre

100 1302 315 1344 computato
341 1301 388 1335 da
413 1300 547 1335 Plauto
574 1311 677 1335 come
704 1312 755 1334 un
781 1300 941 1335 cretico:
968 1300 1031 1334 cfr.
1058 1299 1138 1341 849,
1165 1301 1244 1336 960.
1272 1317 1314 1322 —
1365 1299 1460 1335 624.
1486 1305 1569 1334 eunt

99 1359 120 1393 ὲ
145 1358 388 1393 monosinabo
414 1370 481 1402 per
505 1358 675 1393 sinizesi:
713 1358 776 1393 cfr.
802 1358 941 1393 Introd.
969 1358 1073 1402 Capt.
1099 1358 1171 1392 XL.
1199 1375 1241 1380 —
1270 1358 1351 1399 Cfr.,
1367 1360 1507 1402 quanto
1534 1359 1570 1393 al

100 1416 283 1460 pensiero,
309 1417 375 1451 che
401 1418 420 1451 ὲ
446 1427 612 1460 espresso
638 1416 678 1450 in
703 1416 759 1450 sul
785 1416 970 1460 principio
997 1417 1034 1450 di
1060 1419 1191 1460 questo
1210 1428 1327 1459 verso,
1347 1413 1460 1451 Poen.
1486 1417 1518 1457 3,
1540 1418 1571 1458 1,

103 1475 146 1509 19
170 1475 298 1508 liberos
322 1475 480 1509 homines
502 1486 568 1518 per
594 1475 714 1508 urbem
739 1476 873 1509 modico
902 1477 1016 1518 moyis
1039 1487 1114 1518 par
1143 1481 1192 1509 est
1212 1477 1332 1519 qradu
1349 1477 1415 1516 ire,
1444 1476 1571 1509 servile

99 1543 171 1566 esse
195 1534 264 1566 duo
287 1533 501 1575 festinanter
526 1544 682 1566 currere.
724 1550 760 1554 —
792 1531 886 1566 625.
905 1534 1131 1573 ineuscheme,
1149 1533 1206 1568 coi
1231 1532 1349 1568 codici
1375 1544 1394 1567 e
1421 1532 1475 1567 col
1504 1532 1570 1567 Ca-

99 1589 270 1631 merario,
296 1591 315 1624 e
340 1589 377 1624 la
401 1590 521 1624 forma
545 1589 722 1633 negativa
747 1590 784 1623 di
809 1589 1258 1631 ειιεεὴὲυιετ-εὐσχήμως.
1284 1590 1444 1625 Stasimo
1470 1592 1571 1625 resta.

99 1658 277 1691 sol·preso‚
303 1648 369 1682 che
395 1648 465 1682 due
490 1648 754 1691 gentiluomini
787 1659 889 1684 come
922 1648 1124 1683 Lesbonico
1152 1659 1170 1682 e
1197 1648 1349 1683 Lisitele
1376 1648 1407 1682 si
1433 1648 1568 1683 rincor-

99 1715 189 1740 rano
214 1717 280 1749 per
303 1706 455 1746 fustrada,
483 1717 502 1740 e
528 1706 594 1740 che
620 1706 719 1740 l’uno
745 1706 811 1740 tiri
836 1706 958 1741 l'altro
984 1718 1051 1750 per
1075 1706 1112 1740 ia
1138 1709 1388 1750 sopravveste,
1407 1718 1510 1741 come
1529 1717 1567 1741 se

99 1763 238 1798 fossero
264 1763 334 1798 due
360 1763 513 1798 schiavi.
539 1764 590 1798 La
615 1764 836 1807 maraviglia
861 1775 925 1798 era
950 1764 986 1798 di
1012 1766 1117 1800 tanto
1143 1764 1182 1798 in
1215 1764 1269 1798 lui
1301 1764 1502 1808 maggiore,
1529 1764 1568 1799 in

99 1823 238 1864 quansso
253 1821 319 1856 che
333 1821 387 1866 gli
412 1819 580 1856 Ateniesi
605 1833 768 1856 usavano
795 1833 869 1856 una
892 1833 985 1865 gran
1011 1833 1099 1856 cura
1123 1822 1185 1857 nel
1210 1822 1376 1866 disporre
1401 1822 1441 1857 in
1458 1823 1568 1858 modo

99 1878 272 1921 elegante
299 1879 344 1913 ed
370 1879 559 1914 armonico
584 1879 619 1914 le
646 1879 782 1922 pieghe
807 1879 986 1921 (anticius)
1014 1892 1032 1914 e
1058 1880 1092 1914 le
1120 1891 1229 1915 curve
1268 1879 1397 1921 (sinus)
1423 1881 1490 1916 che
1517 1881 1568 1915 fa·

96 1947 186 1971 ceva
211 1936 238 1970 il
261 1937 414 1980 pallium
439 1937 535 1971 sulla
559 1937 637 1972 loro
664 1948 832 1981 persona..
860 1937 930 1972 Cfr.
958 1938 1035 1972 Mil.
1062 1938 1094 1979 2,
1122 1939 1153 1981 2,
1180 1939 1224 1974 58
1262 1950 1353 1982 euqe,
1391 1940 1567 1973 euscheme

95 1995 210 2028 hercle
234 1997 348 2028 astitit
373 2000 404 2028 et
428 1996 542 2029 dulice
567 2001 598 2029 et
623 1997 822 2030 comoedice.
849 2013 893 2018 -
919 1997 1152 2039 aliquantum,
1180 1996 1244 2031 cfr.
1270 2009 1305 2031 n.
1331 1998 1412 2032 517.
1439 2014 1481 2019 —
1509 1999 1567 2031 ab·

95 2063 259 2087 sees-sero.
277 2053 307 2086 11
332 2053 456 2087 futuro
482 2054 667 2088 anteriore
693 2066 797 2089 serve
817 2065 941 2098 spesso
968 2066 990 2089 a
1015 2055 1179 2090 indicare
1205 2056 1241 2089 la
1266 2056 1380 2090 fretta
1410 2067 1478 2091 con
1507 2057 1566 2090 cui

98 2110 130 2145 si
155 2111 300 2155 compie
325 2123 400 2145 una
425 2111 512 2146 data
531 2112 670 2154 azione‚
696 2112 734 2146 in
762 2113 868 2147 modo
895 2114 960 2147 che
987 2113 1108 2156 prima
1133 2114 1199 2148 che
1227 2125 1308 2148 essa
1327 2114 1438 2148 abbia
1456 2114 1565 2157 luogo

97 2167 135 2203 la
158 2168 190 2202 si
216 2169 410 2204 considera
435 2170 542 2213 quasi
568 2181 670 2204 come
695 2170 758 2213 gia
782 2173 952 2214 passam:
992 2171 1056 2206 cfr.
1083 2172 1187 2216 Capt.
1215 2172 1282 2206 293
1309 2174 1566 2215 exquaesivero,

96 2227 162 2261 341
189 2229 329 2268 misero,
356 2227 456 2262 Trin.
484 2228 573 2262 1007
593 2240 801 2262 concessero,
817 2228 846 2262 Il
861 2230 984 2264 futuro
1003 2230 1189 2265 anteriore
1210 2230 1239 2264 si
1259 2230 1430 2264 avvicina
1446 2232 1566 2274 tanto,

93 2285 155 2329 pel
180 2285 400 2329 significato,
426 2286 465 2320 in
491 2289 624 2330 questa
649 2286 840 2321 accezione
867 2287 903 2321 al
929 2287 1052 2322 futuro
1080 2288 1269 2331 semplice,
1308 2288 1374 2322 che
1400 2300 1527 2333 spesso
1551 2289 1565 2323 i

95 2343 166 2378 due
191 2343 307 2379 futuri
332 2344 363 2379 si
387 2347 543 2379 trovano
562 2345 756 2389 adoperati
774 2345 873 2380 l'uno
892 2348 1045 2381 accanto
1071 2346 1234 2381 all'altro
1259 2347 1297 2381 in
1315 2347 1566 2391 proposizioni

94 2401 320 2437 coordinate.
347 2402 418 2438 cfr.
445 2402 527 2438 Ter.
554 2402 641 2438 Hec.
668 2404 736 2438 599
761 2409 791 2438 et
818 2416 870 2438 me
894 2405 960 2438 hac
995 2406 1194 2447 suspicione
1230 2406 1404 2439 exsolvam
1434 2411 1466 2440 et
1489 2407 1566 2440 illis

93 2471 226 2494 morem
248 2471 398 2503 yessero.
423 2480 469 2486 —
519 2460 614 2496 626.
641 2467 691 2496 est
715 2463 833 2496 lubido
850 2476 895 2488 =
913 2463 1028 2505 lubet;
1055 2463 1117 2497 cfr.
1145 2463 1277 2498 Bacch.
1294 2464 1362 2497 416
1381 2469 1431 2498 est
1447 2465 1566 2498 lubido

92 2517 227 2552 homim
252 2529 314 2552 suo
340 2521 460 2553 animo
485 2519 623 2562 obsequi
649 2530 667 2553 e
694 2519 794 2554 Trin.
821 2519 900 2553 865.
931 2537 967 2542 -
997 2521 1149 2554 duorum
1175 2522 1194 2555 e
1219 2520 1394 2556 bisillabo
1427 2532 1495 2565 per
1519 2521 1565 2557 si-

91 2574 218 2618 nizesi,
243 2575 308 2611 cfr.
333 2576 472 2611 Introd.
499 2576 604 2620 Capt.
631 2576 704 2611 XL.
730 2594 774 2600 -
848 2576 944 2612 627.
970 2582 1026 2612 sta
1052 2578 1158 2621 illico,
1184 2578 1247 2613 cfr.
1273 2590 1309 2613 n.
1336 2579 1415 2615 608.
1440 2596 1487 2601 -
1511 2591 1566 2615 oc·
