1818 2973
243 87 290 121 90
833 97 872 121 u.
897 95 978 120 Acci
1001 95 1134 120 PLAUT!

246 180 318 218 LE.
347 175 450 219 ΝόΙο
491 189 568 229 ego
609 177 710 217 mihi
740 178 782 216 te
812 175 895 216 tam
926 175 1166 227 prospice-re
1207 170 1278 227 qui
1320 187 1456 216 meam
1486 174 1713 228 egestatem

1587 253 1714 300 leues,

351 325 430 368 Sed
461 330 506 368 ut
535 329 653 377 inops
672 324 840 366 infamis
860 336 912 365 ne
932 323 1027 364 sim:
1052 322 1105 365 ne
1127 325 1180 364 mi
1201 326 1313 366 hanc
1334 326 1484 365 sarnam
1505 321 1713 375 differant,

351 400 418 442 Me
445 412 688 453 germanam
719 398 853 440 meam
874 411 1061 441 sororem
1091 400 1132 439 in
1161 396 1483 441 concubinaliim
1509 401 1594 450 tihi,
1636 403 1715 441 690

351 473 392 518 si
409 477 498 517 sine
516 477 610 516 dote
629 474 739 523 dem,
761 476 921 516 dedisse
942 474 1072 526 magis
1092 486 1217 526 quam
1238 475 1279 514 in
1299 474 1622 516 matrimonium.
1655 506 1689 529 ⁶⁵

349 548 447 600 Quis
476 563 542 591 me
571 550 798 602 improbior
827 548 1104 601 perhibeatur
1133 548 1252 591 esse?
1319 551 1426 591 haec
1455 550 1716 602 famigeratio

350 625 408 667 Te
437 627 642 673 honestet,
672 638 739 666 me
767 625 1085 672 conlutulentet,
1115 621 1149 665 si
1178 626 1267 666 sine
1296 626 1391 666 dote
1420 623 1605 667 diixeris.

351 697 439 742 Tibi
468 702 522 741 sit
549 700 877 742 emolumentum
907 701 1098 741 honoris:
1129 696 1230 740 mihi
1260 702 1368 751 quod
1397 700 1605 742 obiectent
1623 702 1715 750 siet,

247 779 322 818 ΙΝ.
351 772 485 824 Quid?
516 780 555 818 te
583 776 831 817 dictatorem
872 788 1018 817 censes
1047 775 1144 823 foi-e,
1174 777 1206 815 si
1236 777 1310 816 abs
1338 779 1380 817 te
1409 788 1558 828 agr-um
1600 776 1718 818 acce·

1420 853 1582 902 pei-im?
1636 855 1715 893 695

248 931 319 968 La.
348 926 493 978 Neque
513 929 606 968 uolo
626 939 764 978 neque
785 925 947 978 postulo
967 937 1104 976 neque
1123 925 1294 966 censeo:
1316 923 1465 966 ueriim
1486 930 1627 967 tamen
1655 957 1690 980 ,ο
1814 882 1818 970 i

352 1009 390 1046 Is
418 1009 481 1046 est
509 1006 640 1046 honos
668 999 827 1045 homini
856 1004 1005 1055 pudico
1034 1002 1271 1044 meminisse
1299 999 1478 1044 officiiim
1509 1016 1640 1045 suom.

249 1083 325 1122 Lv.
355 1076 448 1121 Scio
476 1081 669 1131 equidem
698 1083 739 1120 te
767 1078 978 1119 animatus
1005 1082 1051 1117 ut
1081 1079 1159 1117 sis:
1189 1075 1324 1124 uideo,
1353 1076 1525 1127 subolet,
1555 1079 1700 1120 sentio.

354 1139 396 1196 1'd
425 1156 513 1207 agis
541 1158 599 1201 ut,
631 1155 700 1194 ubi
730 1148 990 1193 adfinitatem
1020 1151 1130 1192 inter
1158 1163 1232 1192 nos
1260 1155 1445 1192 nostram
1463 1149 1720 1194 adtrinxeris

354 1216 490 1282 Atque
517 1242 614 1272 eum
644 1241 792 1281 agrum
823 1223 989 1269 dederis
1018 1239 1095 1268 nec
1116 1228 1338 1279 quicquam
1368 1228 1438 1267 hic
1467 1224 1538 1268 tibi
1567 1229 1620 1268 sit
1648 1230 1718 1279 qui

1303 1301 1432 1343 uitam
1461 1304 1584 1351 colas,
1640 1306 1718 1343 700

354 1377 538 1433 effugias
565 1392 620 1420 ex
649 1377 752 1419 firbe
781 1380 928 1426 inanis,
960 1377 1158 1429 profugus
1188 1378 1367 1428 patriam
1397 1376 1578 1426 deseras,
1660 1408 1695 1431 ⁷⁵

247 1530 364 1573 qui:
381 1532 429 1569 ut,
457 1527 476 1561 e
502 1526 541 1560 in
568 1524 799 1568 dipendenza
824 1523 862 1557 di
887 1527 984 1557 tanto
1011 1524 1145 1556 melius.
1173 1522 1202 1556 Il
1229 1521 1317 1557 Brix
1343 1533 1363 1558 e
1382 1522 1410 1557 il
1428 1523 1593 1567 Wagner
1621 1523 1656 1559 lo
1675 1523 1721 1558 ri-

247 1586 428 1621 feriscono
454 1584 583 1618 invece
611 1594 632 1617 a
657 1594 795 1625 «tyrum,
823 1593 843 1616 e
869 1581 1028 1616 credono
1055 1581 1121 1615 che
1141 1580 1341 1624 equivalga
1366 1592 1388 1615 a
1412 1586 1450 1615 ut
1467 1593 1525 1615 eo:
1544 1592 1606 1615 ma.
1623 1592 1645 1616 a
1662 1592 1721 1616 me

246 1655 336 1689 pare
363 1643 429 1678 che
456 1641 609 1676 Lisitele
635 1640 761 1684 voglia
786 1640 865 1674 dire
892 1639 1220 1682 semplioemente:
1239 1640 1281 1673 tu
1297 1638 1490 1682 preferisci
1508 1638 1546 1673 di
1559 1639 1724 1674 rimaner

247 1713 396 1746 povero,
435 1712 518 1744 pur
553 1699 596 1734 di
635 1698 862 1742 compiere
900 1697 928 1732 il
966 1699 1041 1732 tuo
1080 1697 1261 1732 dovere.
1300 1714 1342 1719 —
1373 1699 1723 1739 moenia=munia‚

247 1772 407 1795 munera.
437 1779 473 1784 —
529 1757 624 1792 688.
650 1763 721 1791 tam
748 1759 767 1792 e
786 1756 824 1790 in
850 1755 1035 1790 relazione
1061 1766 1129 1790 con
1155 1757 1224 1789 sed.
1251 1774 1294 1778 —
1321 1756 1382 1798 qui
1411 1753 1423 1766 '‘
1446 1766 1560 1797 come,
1578 1754 1617 1789 in
1635 1754 1725 1799 qual

248 1819 357 1853 modo
379 1844 407 1860 „.
435 1837 478 1842 -
505 1818 593 1851 leves
611 1818 629 1851 e
657 1826 761 1859 cong.
788 1813 1010 1859 potenziale.
1041 1833 1086 1837 —
1183 1812 1278 1847 689.
1306 1815 1376 1854 sed,
1403 1814 1489 1848 soth.
1517 1815 1569 1847 ita
1593 1814 1668 1847 volo
1694 1818 1725 1847 te

249 1878 336 1910 mihi
357 1877 574 1920 prospicere.
602 1895 646 1898 —
671 1876 775 1917 inops
800 1874 820 1908 e
847 1870 1082 1907 concessivo:
1106 1868 1119 1883 ⁸
1142 1871 1302 1905 sebbene
1321 1882 1458 1915 povero
1479 1897 1508 1913 ‚.
1527 1890 1572 1896 —
1587 1873 1725 1914 famam

247 1936 405 1977 differre,
420 1933 483 1967 cfr.
498 1945 532 1966 n.
551 1933 628 1967 186.
644 1952 687 1956 -
714 1930 799 1965 691.
815 1933 891 1965 dem
905 1932 924 1965 e
939 1932 1036 1965 stato
1052 1929 1231 1973 aggiunto
1250 1929 1307 1963 col
1326 1928 1466 1963 Klotze.
1486 1946 1528 1950 —
1557 1927 1652 1962 692.
1669 1930 1724 1971 fa-

247 1994 433 2035 miyeratio
451 2004 496 2017 =
512 1992 597 2025 haec
620 1992 721 2033 fama
748 1991 918 2032 evulyata.
946 2008 989 2013 -—
1060 1987 1154 2021 693.
1182 1988 1430 2021 conlutulentet
1448 1987 1466 2021 e
1492 1986 1652 2021 formato
1677 1986 1726 2020 da.

247 2052 451 2090 lutulentus,
466 2048 727 2091 sull'analogia
746 2047 783 2081 di
803 2048 1020 2090 opulentare,
1039 2046 1294 2079 turbulentare.
1315 2062 1356 2066 —
1407 2043 1502 2078 695.
1517 2043 1722 2079 Lesbonico

248 2120 366 2144 aveva
391 2108 593 2151 adoperato
620 2107 734 2139 honor
758 2104 820 2139 nel
846 2115 952 2138 senso
981 2103 1017 2138 di
1047 2101 1059 2115 “
1083 2102 1363 2146 rispettabiliba,
1403 2103 1557 2137 onorata
1586 2102 1725 2146 riputa-

248 2166 353 2201 zione
375 2192 403 2208 ,.
429 2164 582 2198 Lisitele
621 2163 749 2197 invece
776 2162 812 2197 10
839 2161 1004 2196 riferisce
1043 2160 1312 2195 comicamente
1339 2159 1412 2194 alle
1438 2159 1639 2203 pubbliche
1669 2170 1725 2194 ca·

249 2224 349 2259 riche
368 2222 440 2264 (ius
457 2220 657 2262 honorum),
672 2232 739 2264 per
756 2221 791 2254 le
818 2219 932 2264 quali,
957 2219 1019 2253 nei
1045 2218 1159 2254 buoni
1184 2217 1302 2262 tempi
1329 2217 1482 2259 antichi,
1509 2217 1547 2252 la
1571 2218 1728 2261 povertta

250 2293 314 2316 era
332 2291 435 2316 come
461 2292 511 2314 un
537 2279 686 2314 viatico.
714 2279 742 2312 Il
769 2280 923 2312 dictator
948 2277 997 2311 ha
1022 2277 1085 2321 poi
1110 2288 1185 2311 una
1210 2278 1362 2320 coperba
1387 2275 1569 2310 allusione
1594 2275 1630 2310 al
1656 2277 1725 2309 dic·

251 2345 346 2374 tator
370 2340 413 2373 ab
431 2344 569 2373 aratro.
586 2355 632 2359 —
658 2336 896 2380 697.pu‹12·c0
911 2333 923 2347 “
942 2346 1051 2371 uomo
1070 2335 1220 2369 d'onore
1238 2361 1267 2376 ,,,
1287 2333 1349 2368 cfr.
1376 2334 1456 2368 661.
1478 2353 1514 2358 -
1546 2332 1641 2368 698.
1655 2335 1728 2368 scio

252 2403 283 2431 te
307 2398 326 2431 e
351 2409 400 2431 un
421 2407 470 2431 es.
489 2396 525 2430 di
552 2395 725 2439 prolessi;
749 2394 812 2428 cfr.
831 2406 866 2428 n.
887 2393 966 2427 373.
988 2410 1029 2415 —
1049 2393 1190 2434 subolet,
1216 2392 1280 2426 cfr.
1307 2391 1385 2425 615.
1417 2408 1455 2412 —
1508 2390 1602 2425 700.
1628 2402 1725 2426 eum:

251 2454 279 2489 il
297 2454 440 2489 Ritsehl
459 2464 624 2497 espunge
643 2454 775 2496 questo
799 2462 977 2496 pronome
996 2453 1102 2485 tanto
1120 2450 1168 2484 da
1193 2451 1335 2493 questo,
1353 2450 1493 2492 quanto
1512 2449 1573 2483 dal
1600 2461 1632 2483 V.
1648 2447 1728 2490 687,

253 2523 356 2548 come
395 2512 524 2547 affatto
551 2511 696 2546 inutile.
725 2531 766 2535 —
794 2511 855 2554 qui
884 2511 990 2543 citam
1016 2510 1111 2543 colas
1132 2521 1177 2533 =
1202 2509 1263 2551 qui
1287 2509 1384 2540 viras
1412 2505 1425 2519 ‘⁴
1448 2518 1514 2550 per
1543 2508 1730 2542 sostentar

251 2571 289 2610 la
317 2570 394 2607 vita
415 2596 443 2614 ,.
470 2589 514 2594 —
566 2569 650 2603 701.
670 2571 795 2603 inanis
823 2566 836 2580 ⁴‘
860 2579 968 2603 senza
986 2579 1035 2603 un
1054 2566 1107 2602 sol
1123 2566 1326 2611 quattrino,
1345 2565 1484 2601 ridotto
1503 2564 1731 2606 all'estrema
