1818 2973
506 75 725 103 'ritmvmuvs
749 75 798 108 nr,
821 65 856 108 4,
881 65 1035 108 16—22;
1057 73 1093 107 ν,
1116 66 1149 108 2,
1174 64 1262 102 1-3
1552 63 1622 103 137

308 159 369 198 Ita
399 154 560 210 gaudiis
587 158 784 209 gaudium
812 154 1060 208 suppeditat.

254 232 374 274 Modo
402 245 469 275 me
496 234 697 274 Stasimus
726 231 939 274 Lesbonici
959 230 1104 274 seruos
1123 227 1322 274 conuenit
1348 235 1488 273 domi:
1509 235 1614 274 1120

254 292 293 349 I's
319 309 423 348 mihi
450 309 558 349 dixit
584 305 702 349 suom
729 319 850 348 erum
869 318 1048 360 peregre
1076 308 1161 348 hue
1188 305 1408 349 aduenisse
1426 306 1616 348 Charmi-

1411 383 1519 424 dem.
1574 411 1591 436 ,

254 456 375 501 Nune
402 459 505 499 mihi
532 459 568 499 is
594 469 773 510 propere
809 457 1157 507 conueniundust,
1186 454 1232 498 1'1t
1259 469 1368 510 quae
1395 469 1492 500 cum
1524 458 1615 499 eius

1525 529 1617 574 filio

254 605 327 662 Egi
351 610 360 663 Ι
383 642 392 659 ,
422 610 461 651 81
488 605 552 651 rei
580 610 732 650 fundus
759 611 880 660 pater
906 609 960 649 sit
987 609 1133 660 potior.
1189 612 1263 650 Eo:
1291 608 1363 650 sed
1393 610 1503 651 sores

254 683 343 727 Hae
370 686 507 726 sonitu
536 683 611 726 suo
638 684 741 724 mihi
771 695 930 725 moram
953 684 961 737 Ι
985 683 1169 726 ob‘iciunt
1187 684 1459 726 incommode.

441 852 712 891 CHARMIDES.
766 852 1018 892 CALLmLEs.
1074 852 1326 892 LusrrELEs.

149 984 222 1023 Cn.
250 980 395 1034 Neque
423 982 499 1023 fuit
526 994 662 1033 neque
689 977 771 1024 erit
797 993 933 1033 neque
961 993 1050 1023 esse
1070 980 1319 1033 quemquam
1339 980 1551 1022 hominem
1573 980 1618 1021 in

441 1108 443 1111 Ι
1080 1060 1196 1098 terra
1219 1056 1228 1110 Ι
1250 1055 1446 1105 (arbitror,
1517 1057 1620 1096 1125

253 1128 357 1179 Quoi
385 1130 488 1172 fides
519 1129 776 1181 fidelitasque
805 1125 985 1170 amioum
1013 1140 1114 1181 erga
1153 1126 1397 1181 aequiperet
1423 1132 1566 1170 tuam:

250 1208 357 1247 Nam
372 1201 734 1247 exaedificauisset
754 1217 820 1246 me
849 1217 904 1245 ex
933 1205 998 1245 his
1023 1205 1030 1257 Ι
1053 1203 1236 1253 aedibus,
1257 1206 1413 1256 absque
1433 1203 1474 1246 te
1494 1205 1617 1247 foret.

149 1339 206 1375 fra
229 1339 243 1374 i
266 1342 324 1375 ssre
351 1339 463 1382 verbi,
490 1339 589 1374 Pers.
608 1339 673 1374 331
693 1342 861 1384 supersit,
880 1344 1055 1384 suppetat,
1075 1340 1289 1383 superstitet.
1308 1356 1352 1362 —-
1424 1338 1522 1374 1119.
1539 1351 1620 1384 sup-

146 1399 284 1440 peditat
307 1411 352 1426 =
375 1399 540 1441 suppetit,
578 1397 642 1433 cfr.
680 1398 783 1432 Asin.
822 1397 892 1432 423
926 1409 997 1432 non
1034 1409 1119 1442 queo
1145 1399 1263 1432 labori
1298 1399 1538 1441 suppeditare.
1575 1415 1620 1421 —

149 1454 256 1490 1123.
282 1457 315 1490 ei
339 1457 394 1490 rei
410 1455 441 1490 si
466 1455 631 1490 riferisce
656 1455 904 1490 liberamente
932 1455 967 1490 al
994 1456 1043 1499 pl.
1068 1458 1201 1491 neutro
1227 1468 1314 1500 quae
1339 1456 1400 1491 del
1425 1467 1530 1491 verso
1557 1467 1620 1491 an-

148 1514 363 1555 teeedente;
390 1514 453 1548 cfr.
480 1514 557 1548 Mil.
586 1515 664 1549 765.
690 1514 728 1549 Si
754 1514 833 1549 noti
858 1514 962 1549 l'iato
988 1514 1082 1558 dopo
1109 1516 1172 1558 eyi,
1199 1525 1218 1549 e
1248 1514 1276 1549 il
1314 1517 1369 1548 νέῖ
1404 1517 1619 1558 computato

148 1582 251 1607 come
268 1571 452 1607 bisfllabo.
480 1572 510 1606 11
536 1572 690 1614 Ritschl,
708 1583 774 1616 per
793 1572 960 1615 evitarlo,
979 1572 1164 1616 aggiunge
1191 1584 1249 1616 eqo
1276 1573 1322 1607 ad
1347 1584 1394 1607 eo.
1416 1590 1458 1595 —
1482 1574 1620 1615 fundus

147 1629 209 1664 1181
234 1629 363 1665 diritto
389 1630 563 1674 pubblieo
581 1641 732 1665 romano
752 1641 815 1665 era
831 1632 938 1667 usato
957 1641 1024 1674 per
1041 1630 1205 1665 indicare
1228 1628 1240 1642 ³
1263 1631 1428 1666 autoritiz
1444 1631 1620 1673 uffioiale,

148 1688 339 1723 sovranita
355 1701 394 1731 ,ς
422 1688 468 1723 ed
493 1690 512 1723 'e
538 1690 703 1733 appunto
730 1688 769 1722 in
795 1690 926 1732 questo
945 1699 1051 1723 senso
1070 1689 1135 1723 che
1162 1689 1190 1723 11
1215 1689 1350 1732 popolo
1370 1689 1504 1724 veniva.
1521 1689 1618 1724 chia·

148 1748 250 1782 mato
273 1747 409 1789 fundus
434 1748 530 1790 leyis.
556 1746 626 1781 Del
650 1749 748 1782 resto
771 1747 909 1789 fundus
934 1746 995 1782 nel
1021 1747 1238 1791 linguaggio
1269 1747 1446 1792 popolare
1478 1758 1542 1782 era
1566 1747 1618 1782 di-

148 1806 301 1840 11811ὺοἡο
327 1804 510 1840 sinonimo
537 1804 575 1839 di
600 1810 740 1847 auctor;
767 1805 830 1840 cfr.
857 1805 960 1840 Paul.
987 1805 1087 1840 Festi
1113 1817 1147 1850 p.
1174 1805 1238 1840 89:
1255 1806 1391 1848 fundus
1408 1807 1544 1840 dicitur
1559 1817 1619 1849 po-

145 1864 254 1906 pulus
278 1875 350 1897 esse
375 1865 430 1897 rei
454 1875 559 1907 quam
583 1864 727 1905 alienat,
753 1864 815 1897 hoc
841 1868 890 1897 est
916 1869 1051 1897 auctor.
1078 1881 1122 1886 —
1139 1865 1228 1897 mihi
1245 1875 1393 1905 moram,
1419 1863 1476 1899 coi
1501 1864 1619 1900 codici

147 1932 166 1956 8
193 1932 263 1956 0011
286 1921 364 1956 iato
390 1921 492 1956 nella
517 1932 656 1963 cesura,
682 1933 750 1965 per
774 1933 912 1971 moram
937 1922 1026 1955 mihi
1050 1922 1116 1957 che
1144 1922 1180 1956 vi
1205 1922 1354 1957 sostitui
1389 1922 1414 1956 1'
1428 1921 1618 1957 Hermann

147 1979 283 2015 sull'es.
308 1979 369 2014 del
395 1978 528 2024 Guyet.
545 1998 591 2003 —
626 1978 733 2013 1125.
751 1981 790 2013 in
808 1985 919 2020 terra,
939 1980 994 2014 col
1014 1979 1225 2015 Camerario
1244 1991 1263 2015 e
1282 1991 1350 2015 0011
1368 1979 1467 2015 iato:
1487 1983 1617 2024 queste

147 2037 218 2073 due
244 2037 370 2081 parole
396 2038 458 2072 nei
483 2037 603 2072 codici
627 2049 692 2072 eon
709 2037 946 2073 trasformate
967 2038 1063 2072 assai
1081 2038 1354 2074 curiosamente
1370 2037 1409 2073 in
1426 2040 1617 2074 interdum.

146 2115 192 2121 —
238 2095 345 2129 1126.
371 2097 462 2140 quoi,
480 2095 538 2130 coi
563 2095 692 2136 codici,
711 2097 731 2130 8
749 2107 823 2130 una
839 2096 959 2131 forma
984 2096 1022 2131 di
1047 2097 1214 2140 genitivo
1234 2108 1254 2132 o
1272 2097 1433 2132 locativo
1453 2096 1617 2138 arca-iem

147 2153 211 2188 cfr.
228 2153 358 2194 Luchs,
381 2152 708 2196 Genetivbildung,
735 2165 769 2196 p.
796 2153 841 2188 29
866 2165 886 2189 8
911 2154 946 2189 18
972 2154 1090 2189 forme
1116 2156 1340 2196 cuicuimodi,
1358 2157 1414 2189 illi
1431 2157 1537 2195 modi,
1553 2156 1618 2189 isti

146 2214 242 2246 modi
265 2212 386 2253 (Truc.
413 2210 505 2254 930).
525 2228 568 2233 —
593 2213 746 2245 amicum
770 2223 866 2255 crya,
893 2212 956 2246 cfr.
974 2223 1040 2256 per
1065 2213 1279 2248 l’anastrofe
1298 2225 1331 2247 n.
1347 2212 1426 2247 822.
1445 2231 1490 2238 -—
1507 2218 1616 2255 tuam,

146 2269 203 2305 001
228 2269 382 2311 Ritschl,
408 2281 474 2314 per
498 2281 601 2304 suum
626 2269 688 2304 dei
713 2269 842 2304 codici.
861 2286 905 2292 —
953 2269 1060 2305 1127.
1078 2273 1396 2313 exaedificasset=
1412 2283 1455 2305 ex
1473 2274 1618 2307 aedibus

145 2330 309 2370 eiecisset,
336 2328 399 2363 cfr.
425 2340 460 2363 11.
488 2328 566 2363 132.
593 2344 637 2350 —-
663 2339 705 2361 ex
729 2329 794 2368 his,
810 2327 867 2363 001
885 2328 1003 2363 codici
1030 2340 1048 2363 e
1075 2340 1144 2364 con
1161 2329 1238 2365 iato
1254 2341 1262 2364 :
1280 2329 1309 2364 il
1327 2328 1544 2366 Fleckeisen
1562 2342 1614 2366 so-

145 2386 312 2421 stituisce
337 2399 381 2421 ex
403 2387 507 2421 hisce.
534 2403 576 2408 —
602 2386 738 2429 absque,
764 2385 828 2420 cfr.
854 2398 889 2421 n.
913 2386 993 2421 832.
1019 2407 1064 2412 —-
1090 2387 1127 2421 Si
1146 2387 1227 2422 noti
1251 2388 1318 2422 che
1336 2387 1376 2422 in
1393 2390 1525 2432 questo
1543 2391 1615 2424 set-

143 2444 289 2479 tenario
314 2444 342 2478 11
366 2445 486 2488 primo
511 2443 620 2489 piede
646 2443 706 2478 del
733 2444 890 2480 secondo
926 2445 1086 2480 dimetro
1113 2447 1133 2480 8
1159 2448 1442 2490 rappresentato
1468 2446 1516 2481 da
1540 2458 1616 2482 una

143 2502 274 2546 parola
297 2502 470 2537 dattilica
505 2500 685 2543 (aedibus).
712 2501 880 2537 Sebbene
907 2502 944 2536 di
970 2503 1081 2538 solito
1108 2503 1241 2539 Plauto
1267 2516 1341 2540 non
1367 2504 1399 2539 si
1428 2506 1615 2549 pel-metha

142 2560 220 2596 tale
245 2560 537 2601 libel-tammum
564 2560 629 2595 che
657 2570 679 2594 a
704 2559 887 2604 principio
914 2560 974 2596 del
1001 2561 1120 2605 primo
1147 2561 1316 2606 dimetro,
1351 2574 1442 2608 pure
1467 2562 1496 2597 il
1521 2562 1615 2598 fatto

1072 2678 1109 2693 “⁹5
